@techreport{elovitz1976automatic,
  title={Automatic translation of English text to phonetics by means of letter-to-sound rules},
  author={Elovitz, Honey S and Johnson, Rodney W and McHugh, Astrid and Shore, John E},
  year={1976},
  institution={NAVAL RESEARCH LAB WASHINGTON DC}
}


@misc{vesik2020model,
      title={One Model to Pronounce Them All: Multilingual Grapheme-to-Phoneme Conversion With a Transformer Ensemble}, 
      author={Kaili Vesik and Muhammad Abdul-Mageed and Miikka Silfverberg},
      year={2020},
      eprint={2006.13343},
      archivePrefix={arXiv},
      primaryClass={cs.CL}
}

@article{Yolchuyeva2019GraphemetoPhonemeCW,
  title={Grapheme-to-Phoneme Conversion with Convolutional Neural Networks},
  author={Sevinj Yolchuyeva and G. N{\'e}meth and B{\'a}lint Gyires-T{\'o}th},
  journal={Applied Sciences},
  year={2019},
  volume={9},
  pages={1143}
}

@article{peters2017massively,
  title={Massively multilingual neural grapheme-to-phoneme conversion},
  author={Peters, Ben and Dehdari, Jon and van Genabith, Josef},
  journal={arXiv preprint arXiv:1708.01464},
  year={2017}
}

@inproceedings{yu2020multilingual,
  title={Multilingual grapheme-to-phoneme conversion with byte representation},
  author={Yu, Mingzhi and Nguyen, Hieu Duy and Sokolov, Alex and Lepird, Jack and Sathyendra, Kanthashree Mysore and Choudhary, Samridhi and Mouchtaris, Athanasios and Kunzmann, Siegfried},
  booktitle={ICASSP 2020-2020 IEEE International Conference on Acoustics, Speech and Signal Processing (ICASSP)},
  pages={8234--8238},
  year={2020},
  organization={IEEE}
}

@article{sokolov2020neural,
  title={Neural machine translation for multilingual grapheme-to-phoneme conversion},
  author={Sokolov, Alex and Rohlin, Tracy and Rastrow, Ariya},
  journal={arXiv preprint arXiv:2006.14194},
  year={2020}
}

@article{sun2019token,
  title={Token-level ensemble distillation for grapheme-to-phoneme conversion},
  author={Sun, Hao and Tan, Xu and Gan, Jun-Wei and Liu, Hongzhi and Zhao, Sheng and Qin, Tao and Liu, Tie-Yan},
  journal={arXiv preprint arXiv:1904.03446},
  year={2019}
}

@article{yolchuyeva2020transformer,
  title={Transformer based grapheme-to-phoneme conversion},
  author={Yolchuyeva, Sevinj and N{\'e}meth, G{\'e}za and Gyires-T{\'o}th, B{\'a}lint},
  journal={arXiv preprint arXiv:2004.06338},
  year={2020}
}

@inproceedings{milde2017multitask,
  title={Multitask Sequence-to-Sequence Models for Grapheme-to-Phoneme Conversion.},
  author={Milde, Benjamin and Schmidt, Christoph and K{\"o}hler, Joachim},
  booktitle={INTERSPEECH},
  pages={2536--2540},
  year={2017}
}

@inproceedings{hasegawa2020grapheme,
  title={Grapheme-to-phoneme transduction for cross-language ASR},
  author={Hasegawa-Johnson, Mark and Rolston, Leanne and Goudeseune, Camille and Levow, Gina-Anne and Kirchhoff, Katrin},
  booktitle={International Conference on Statistical Language and Speech Processing},
  pages={3--19},
  year={2020},
  organization={Springer}
}

@article{ni2018multilingual,
  title={Multilingual Grapheme-to-Phoneme Conversion with Global Character Vectors},
  author={Ni, Jinfu and Shiga, Yoshinori and Kawai, Hisashi},
  journal={Proc. Interspeech 2018},
  pages={2823--2827},
  year={2018}
}

@article{Vaswani2017AttentionIA,
  title={Attention is All you Need},
  author={Ashish Vaswani and Noam Shazeer and Niki Parmar and Jakob Uszkoreit and Llion Jones and Aidan N. Gomez and L. Kaiser and Illia Polosukhin},
  journal={ArXiv},
  year={2017},
  volume={abs/1706.03762}
}


@article{BISANI2008434,
title = {Joint-sequence models for grapheme-to-phoneme conversion},
journal = {Speech Communication},
volume = {50},
number = {5},
pages = {434-451},
year = {2008},
issn = {0167-6393},
doi = {https://doi.org/10.1016/j.specom.2008.01.002},
author = {Maximilian Bisani and Hermann Ney},
keywords = {Grapheme-to-phoneme, Letter-to-sound, Phonemic transcription, Joint-sequence model, Pronunciation modeling}
}

@inproceedings{rao2015grapheme,
  title={Grapheme-to-phoneme conversion using long short-term memory recurrent neural networks},
  author={Rao, Kanishka and Peng, Fuchun and Sak, Ha{\c{s}}im and Beaufays, Fran{\c{c}}oise},
  booktitle={2015 IEEE International Conference on Acoustics, Speech and Signal Processing (ICASSP)},
  pages={4225--4229},
  year={2015},
  organization={IEEE}
}

@article{zen2019libritts,
  title={LibriTTS: A corpus derived from LibriSpeech for text-to-speech},
  author={Zen, Heiga and Dang, Viet and Clark, Rob and Zhang, Yu and Weiss, Ron J and Jia, Ye and Chen, Zhifeng and Wu, Yonghui},
  journal={arXiv preprint arXiv:1904.02882},
  year={2019}
}

@inproceedings{schlippe2010wiktionary,
  title={Wiktionary as a source for automatic pronunciation extraction},
  author={Schlippe, Tim and Ochs, Sebastian and Schultz, Tanja},
  booktitle={Eleventh Annual Conference of the International Speech Communication Association},
  year={2010}
}

@article{weide2005carnegie,
  title={The Carnegie mellon pronouncing dictionary [cmudict. 0.6]},
  author={Weide, Robert},
  journal={Pittsburgh, PA: Carnegie Mellon University},
  year={2005}
}

@article{blandon2019multilingual,
  title={A multilingual approach towards improving the linguistic module of a TTS system: Case Navarro-Lapurdian dialect},
  author={Bland{\'o}n, Mar{\i}a Andrea Cruz and Cord{\'o}n, Eva Navas and Jouvet, Denis},
  year={2019}
}