@article{vaswani2017attention,
  title={Attention is all you need},
  author={Vaswani, Ashish and Shazeer, Noam and Parmar, Niki and Uszkoreit, Jakob and Jones, Llion and Gomez, Aidan N and Kaiser, Lukasz and Polosukhin, Illia},
  journal={arXiv preprint arXiv:1706.03762},
  year={2017}
}

@article{radford2019gpt2,
  title={Language models are unsupervised multitask learners},
  author={Radford, Alec and Wu, Jeffrey and Child, Rewon and Luan, David and Amodei, Dario and Sutskever, Ilya},
  year={2019}
}

@article{brown2020gpt3,
  title={Language models are few-shot learners},
  author={Brown, Tom B and Mann, Benjamin and Ryder, Nick and Subbiah, Melanie and Kaplan, Jared and Dhariwal, Prafulla and Neelakantan, Arvind and Shyam, Pranav and Sastry, Girish and Askell, Amanda and others},
  journal={arXiv preprint arXiv:2005.14165},
  year={2020}
}

@article{devlin2019bert,
  title={Bert: Pre-training of deep bidirectional transformers for language understanding},
  author={Devlin, Jacob and Chang, Ming-Wei and Lee, Kenton and Toutanova, Kristina},
  journal={arXiv preprint arXiv:1810.04805},
  year={2018}
}

@article{dosovitskiy2020vit,
  title={An image is worth 16x16 words: Transformers for image recognition at scale},
  author={Dosovitskiy, Alexey and Beyer, Lucas and Kolesnikov, Alexander and Weissenborn, Dirk and Zhai, Xiaohua and Unterthiner, Thomas and Dehghani, Mostafa and Minderer, Matthias and Heigold, Georg and Gelly, Sylvain and others},
  journal={arXiv preprint arXiv:2010.11929},
  year={2020}
}

@article{radford2021clip,
  title={Learning transferable visual models from natural language supervision},
  author={Radford, Alec and Kim, Jong Wook and Hallacy, Chris and Ramesh, Aditya and Goh, Gabriel and Agarwal, Sandhini and Sastry, Girish and Askell, Amanda and Mishkin, Pamela and Clark, Jack and others},
  journal={Image},
  volume={2},
  pages={T2},
  year={2021}
}

@techreport{rumelhart1985rnn,
  title={Learning internal representations by error propagation},
  author={Rumelhart, David E and Hinton, Geoffrey E and Williams, Ronald J},
  year={1985},
  institution={California Univ San Diego La Jolla Inst for Cognitive Science}
}

@article{hochreiter1997lstm,
  title={Long short-term memory},
  author={Hochreiter, Sepp and Schmidhuber, J{\"u}rgen},
  journal={Neural computation},
  volume={9},
  number={8},
  pages={1735--1780},
  year={1997},
  publisher={MIT Press}
}

@inproceedings{miconi2018hebbian,
  title={Differentiable plasticity: training plastic neural networks with backpropagation},
  author={Miconi, Thomas and Stanley, Kenneth and Clune, Jeff},
  booktitle={International Conference on Machine Learning},
  pages={3559--3568},
  year={2018},
  organization={PMLR}
}

@article{tay2020lra,
  title={Long Range Arena: A Benchmark for Efficient Transformers},
  author={Tay, Yi and Dehghani, Mostafa and Abnar, Samira and Shen, Yikang and Bahri, Dara and Pham, Philip and Rao, Jinfeng and Yang, Liu and Ruder, Sebastian and Metzler, Donald},
  journal={arXiv preprint arXiv:2011.04006},
  year={2020}
}

@article{krizhevsky2009cifar,
  title={Learning multiple layers of features from tiny images},
  author={Krizhevsky, Alex and others},
  year={2009},
  publisher={Citeseer}
}

@article{elgebali2019pfam,
author = {El-Gebali, Sara and Mistry, Jaina and Bateman, Alex and Eddy, Sean R and Luciani, Aur{\'{e}}lien and Potter, Simon C and Qureshi, Matloob and Richardson, Lorna J and Salazar, Gustavo A and Smart, Alfredo and Sonnhammer, Erik L L and Hirsh, Layla and Paladin, Lisanna and Piovesan, Damiano and Tosatto, Silvio C E and Finn, Robert D},
doi = {10.1093/nar/gky995},
file = {::},
issn = {0305-1048},
journal = {Nucleic Acids Research},
keywords = {community,protein domains,tandem repeat sequences},
number = {D1},
pages = {D427--D432},
publisher = {Narnia},
title = {{The Pfam protein families database in 2019}},
volume = {47},
year = {2019}
}

@article{rebuffi2017adapter,
  title={Learning multiple visual domains with residual adapters},
  author={Rebuffi, Sylvestre-Alvise and Bilen, Hakan and Vedaldi, Andrea},
  journal={arXiv preprint arXiv:1705.08045},
  year={2017}
}

@article{strodthoff2020udsmprot,
  title={UDSMProt: universal deep sequence models for protein classification},
  author={Strodthoff, Nils and Wagner, Patrick and Wenzel, Markus and Samek, Wojciech},
  journal={Bioinformatics},
  volume={36},
  number={8},
  pages={2401--2409},
  year={2020},
  publisher={Oxford University Press}
}

@inproceedings{houlsby2019adapter,
  title={Parameter-efficient transfer learning for NLP},
  author={Houlsby, Neil and Giurgiu, Andrei and Jastrzebski, Stanislaw and Morrone, Bruna and De Laroussilhe, Quentin and Gesmundo, Andrea and Attariyan, Mona and Gelly, Sylvain},
  booktitle={International Conference on Machine Learning},
  pages={2790--2799},
  year={2019},
  organization={PMLR}
}

@article{radford2018gpt,
  title={Improving language understanding by generative pre-training},
  author={Radford, Alec and Narasimhan, Karthik and Salimans, Tim and Sutskever, Ilya},
  year={2018}
}

@inproceedings{chen2020imagegpt,
  title={Generative pretraining from pixels},
  author={Chen, Mark and Radford, Alec and Child, Rewon and Wu, Jeffrey and Jun, Heewoo and Luan, David and Sutskever, Ilya},
  booktitle={International Conference on Machine Learning},
  pages={1691--1703},
  year={2020},
  organization={PMLR}
}

@article{hill2020grounded,
  title={Grounded Language Learning Fast and Slow},
  author={Hill, Felix and Tieleman, Olivier and von Glehn, Tamara and Wong, Nathaniel and Merzic, Hamza and Clark, Stephen},
  journal={arXiv preprint arXiv:2009.01719},
  year={2020}
}

@article{abramson2020imitating,
  title={Imitating Interactive Intelligence},
  author={Abramson, Josh and Ahuja, Arun and Brussee, Arthur and Carnevale, Federico and Cassin, Mary and Clark, Stephen and Dudzik, Andrew and Georgiev, Petko and Guy, Aurelia and Harley, Tim and others},
  journal={arXiv preprint arXiv:2012.05672},
  year={2020}
}

@misc{ramesh2021dalle,
      title={DALL·E: Creating Images from Text}, 
      author={Aditya Ramesh and Mikhail Pavolv and Gabriel Goh and Scott Gray and Mark Chen and Rewon Child and Vedant Misra and Pamela Mishkin and Gertchen Krueger and Sandhini Agarwal and Ilya Sutskever},
      year={2021},
}

@article{hu2021unit,
  title={Transformer is All You Need: Multimodal Multitask Learning with a Unified Transformer},
  author={Ronghan Hu and Amanpreet Singh},
  journal={arXiv preprint arXiv:2102.10772},
  year={2021}
}

@article{shin2020autoprompt,
  title={AutoPrompt: Eliciting knowledge from language models with automatically generated prompts},
  author={Shin, Taylor and Razeghi, Yasaman and Logan IV, Robert L and Wallace, Eric and Singh, Sameer},
  journal={arXiv preprint arXiv:2010.15980},
  year={2020}
}

@article{bai2019deq,
  title={Deep equilibrium models},
  author={Bai, Shaojie and Kolter, J Zico and Koltun, Vladlen},
  journal={arXiv preprint arXiv:1909.01377},
  year={2019}
}

@article{ramsauer2020hopfield,
  title={Hopfield networks is all you need},
  author={Ramsauer, Hubert and Sch{\"a}fl, Bernhard and Lehner, Johannes and Seidl, Philipp and Widrich, Michael and Gruber, Lukas and Holzleitner, Markus and Pavlovi{\'c}, Milena and Sandve, Geir Kjetil and Greiff, Victor and others},
  journal={arXiv preprint arXiv:2008.02217},
  year={2020}
}

@inproceedings{chen2020simclr,
  title={A simple framework for contrastive learning of visual representations},
  author={Chen, Ting and Kornblith, Simon and Norouzi, Mohammad and Hinton, Geoffrey},
  booktitle={International conference on machine learning},
  pages={1597--1607},
  year={2020},
  organization={PMLR}
}

@book{baars1993gwt,
  title={A cognitive theory of consciousness},
  author={Baars, Bernard J},
  year={1993},
  publisher={Cambridge University Press}
}

@article{goyal2020inductive,
  title={Inductive Biases for Deep Learning of Higher-Level Cognition},
  author={Goyal, Anirudh and Bengio, Yoshua},
  journal={arXiv preprint arXiv:2011.15091},
  year={2020}
}

@article{tanaka2019reservoir,
  title={Recent advances in physical reservoir computing: A review},
  author={Tanaka, Gouhei and Yamane, Toshiyuki and H{\'e}roux, Jean Benoit and Nakane, Ryosho and Kanazawa, Naoki and Takeda, Seiji and Numata, Hidetoshi and Nakano, Daiju and Hirose, Akira},
  journal={Neural Networks},
  volume={115},
  pages={100--123},
  year={2019},
  publisher={Elsevier}
}

@article{jaeger2001echo,
  title={The “echo state” approach to analysing and training recurrent neural networks-with an erratum note},
  author={Jaeger, Herbert},
  journal={Bonn, Germany: German National Research Center for Information Technology GMD Technical Report},
  volume={148},
  number={34},
  pages={13},
  year={2001},
  publisher={Bonn}
}

@article{andreas2017l3,
  title={Learning with latent language},
  author={Andreas, Jacob and Klein, Dan and Levine, Sergey},
  journal={arXiv preprint arXiv:1711.00482},
  year={2017}
}

@article{kaiser2017multitask,
  title={One model to learn them all},
  author={Kaiser, Lukasz and Gomez, Aidan N and Shazeer, Noam and Vaswani, Ashish and Parmar, Niki and Jones, Llion and Uszkoreit, Jakob},
  journal={arXiv preprint arXiv:1706.05137},
  year={2017}
}

@article{lu2019vilbert,
  title={Vilbert: Pretraining task-agnostic visiolinguistic representations for vision-and-language tasks},
  author={Lu, Jiasen and Batra, Dhruv and Parikh, Devi and Lee, Stefan},
  journal={arXiv preprint arXiv:1908.02265},
  year={2019}
}

@inproceedings{lu2020vilbertmulti,
  title={12-in-1: Multi-task vision and language representation learning},
  author={Lu, Jiasen and Goswami, Vedanuj and Rohrbach, Marcus and Parikh, Devi and Lee, Stefan},
  booktitle={Proceedings of the IEEE/CVF Conference on Computer Vision and Pattern Recognition},
  pages={10437--10446},
  year={2020}
}

@article {rao2021msa,
	author = {Rao, Roshan and Liu, Jason and Verkuil, Robert and Meier, Joshua and Canny, John F. and Abbeel, Pieter and Sercu, Tom and Rives, Alexander},
	title = {MSA Transformer},
	elocation-id = {2021.02.12.430858},
	year = {2021},
	doi = {10.1101/2021.02.12.430858},
	publisher = {Cold Spring Harbor Laboratory},
	journal = {bioRxiv}
}

@article{jumper2021alphafold,
  title={High Accuracy Protein Structure Prediction Using Deep Learning},
  author={John Jumper and Richard Evans and Alexander Pritzel and Tim Green and Michael Figurnov and Kathryn Tunyasuvunakool and Olaf Ronneberger and Russ Bates and Augustin Žídek and Alex Bridgland and Clemens Meyer and Simon A A Kohl and Anna Potapenko and Andrew J Ballard and Andrew Cowie and Bernardino Romera-Paredes and Stanislav Nikolov and Rishub Jain and Jonas Adler and Trevor Back and Stig Petersen and David Reiman and Martin Steinegger and Michalina Pacholska and David Silver and Oriol Vinyals and Andrew W Senior and Koray Kavukcuoglu and Pushmeet Kohli and Demis Hassabis},
  year={2021}
}

@article{touvron2020deit,
  title={Training data-efficient image transformers \& distillation through attention},
  author={Hugo Touvron and Matthieu Cord and Matthijs Douze and Francisco Massa and Alexandre Sablayrolles and Herv\'e J\'egou},
  journal={arXiv preprint arXiv:2012.12877},
  year={2020}
}

@inproceedings{perez2018film,
  title={Film: Visual reasoning with a general conditioning layer},
  author={Perez, Ethan and Strub, Florian and De Vries, Harm and Dumoulin, Vincent and Courville, Aaron},
  booktitle={Proceedings of the AAAI Conference on Artificial Intelligence},
  volume={32},
  number={1},
  year={2018}
}

@article{chen2018selfmodulation,
  title={On self modulation for generative adversarial networks},
  author={Chen, Ting and Lucic, Mario and Houlsby, Neil and Gelly, Sylvain},
  journal={arXiv preprint arXiv:1810.01365},
  year={2018}
}

@article{dai2015semi,
  title={Semi-supervised sequence learning},
  author={Dai, Andrew M and Le, Quoc V},
  journal={arXiv preprint arXiv:1511.01432},
  year={2015}
}

@article{fox2013scop,
  title={SCOPe: Structural Classification of Proteins—extended, integrating SCOP and ASTRAL data and classification of new structures},
  author={Fox, Naomi K and Brenner, Steven E and Chandonia, John-Marc},
  journal={Nucleic acids research},
  volume={42},
  number={D1},
  pages={D304--D309},
  year={2013},
  publisher={Oxford University Press}
}

@inproceedings{rap2019tape,
author = {Rao, Roshan and Bhattacharya, Nicholas and Thomas, Neil and Duan, Yan and Chen, Xi and Canny, John and Abbeel, Pieter and Song, Yun S},
title = {Evaluating Protein Transfer Learning with TAPE},
booktitle = {Advances in Neural Information Processing Systems},
year = {2019}
}

@article{hou2018deepsf,
  title={DeepSF: deep convolutional neural network for mapping protein sequences to folds},
  author={Hou, Jie and Adhikari, Badri and Cheng, Jianlin},
  journal={Bioinformatics},
  volume={34},
  number={8},
  pages={1295--1303},
  year={2018},
  publisher={Oxford University Press}
}

@article{kingma2014adam,
  title={Adam: A method for stochastic optimization},
  author={Kingma, Diederik P and Ba, Jimmy},
  journal={arXiv preprint arXiv:1412.6980},
  year={2014}
}

@article{raffel2019t5,
  title={Exploring the limits of transfer learning with a unified text-to-text transformer},
  author={Raffel, Colin and Shazeer, Noam and Roberts, Adam and Lee, Katherine and Narang, Sharan and Matena, Michael and Zhou, Yanqi and Li, Wei and Liu, Peter J},
  journal={arXiv preprint arXiv:1910.10683},
  year={2019}
}

@article{beltagy2020longformer,
  title={Longformer: The long-document transformer},
  author={Beltagy, Iz and Peters, Matthew E and Cohan, Arman},
  journal={arXiv preprint arXiv:2004.05150},
  year={2020}
}

@inproceedings{parisotto2020stabilizing,
  title={Stabilizing transformers for reinforcement learning},
  author={Parisotto, Emilio and Song, Francis and Rae, Jack and Pascanu, Razvan and Gulcehre, Caglar and Jayakumar, Siddhant and Jaderberg, Max and Kaufman, Raphael Lopez and Clark, Aidan and Noury, Seb and others},
  booktitle={International Conference on Machine Learning},
  pages={7487--7498},
  year={2020},
  organization={PMLR}
}

@article{jaeger2004harnessing,
  title={Harnessing nonlinearity: Predicting chaotic systems and saving energy in wireless communication},
  author={Jaeger, Herbert and Haas, Harald},
  journal={science},
  volume={304},
  number={5667},
  pages={78--80},
  year={2004},
  publisher={American Association for the Advancement of Science}
}

@article{oord2018cpc,
  title={Representation learning with contrastive predictive coding},
  author={Oord, Aaron van den and Li, Yazhe and Vinyals, Oriol},
  journal={arXiv preprint arXiv:1807.03748},
  year={2018}
}

@article{donahue2016bigan,
  title={Adversarial feature learning},
  author={Donahue, Jeff and Kr{\"a}henb{\"u}hl, Philipp and Darrell, Trevor},
  journal={arXiv preprint arXiv:1605.09782},
  year={2016}
}

@article{hernandez2021scaling,
  title={Scaling Laws for Transfer},
  author={Hernandez, Danny and Kaplan, Jared and Henighan, Tom and McCandlish, Sam},
  journal={arXiv preprint arXiv:2102.01293},
  year={2021}
}

@article{goh2021multimodal,
  title={Multimodal Neurons in Artificial Neural Networks},
  author={Gabriel Goh and Chelsea Voss and Daniela Amodei and Shan Carter and Michael Petrov and Justin Jay Wang and Nick Cammarata and Chris Olah},
  year={2021}
}

@article{papadimitriou2020music,
  title={Pretraining on non-linguistic structure as a tool for analyzing learning bias in language models},
  author={Papadimitriou, Isabel and Jurafsky, Dan},
  journal={arXiv preprint arXiv:2004.14601},
  year={2020}
}

@article{li2020communication,
  title={Emergent Communication Pretraining for Few-Shot Machine Translation},
  author={Li, Yaoyiran and Ponti, Edoardo M and Vuli{\'c}, Ivan and Korhonen, Anna},
  journal={arXiv preprint arXiv:2011.00890},
  year={2020}
}

@article{artetxe2019cross,
  title={On the cross-lingual transferability of monolingual representations},
  author={Artetxe, Mikel and Ruder, Sebastian and Yogatama, Dani},
  journal={arXiv preprint arXiv:1910.11856},
  year={2019}
}

@inproceedings{ponti2019towards,
  title={Towards zero-shot language modeling},
  author={Ponti, Edoardo Maria and Vuli{\'c}, Ivan and Cotterell, Ryan and Reichart, Roi and Korhonen, Anna},
  booktitle={Proceedings of the 2019 Conference on Empirical Methods in Natural Language Processing and the 9th International Joint Conference on Natural Language Processing (EMNLP-IJCNLP)},
  pages={2893--2903},
  year={2019}
}

@inproceedings{deng2009imagenet,
  title={Imagenet: A large-scale hierarchical image database},
  author={Deng, Jia and Dong, Wei and Socher, Richard and Li, Li-Jia and Li, Kai and Fei-Fei, Li},
  booktitle={2009 IEEE conference on computer vision and pattern recognition},
  pages={248--255},
  year={2009},
  organization={Ieee}
}

@article{hendrycks2016gelu,
  title={Gaussian error linear units (gelus)},
  author={Hendrycks, Dan and Gimpel, Kevin},
  journal={arXiv preprint arXiv:1606.08415},
  year={2016}
}

@article{ba2016layernorm,
  title={Layer normalization},
  author={Ba, Jimmy Lei and Kiros, Jamie Ryan and Hinton, Geoffrey E},
  journal={arXiv preprint arXiv:1607.06450},
  year={2016}
}

@inproceedings{wolf2020transformers,
    title = "Transformers: State-of-the-Art Natural Language Processing",
    author = "Thomas Wolf and Lysandre Debut and Victor Sanh and Julien Chaumond and Clement Delangue and Anthony Moi and Pierric Cistac and Tim Rault and Rémi Louf and Morgan Funtowicz and Joe Davison and Sam Shleifer and Patrick von Platen and Clara Ma and Yacine Jernite and Julien Plu and Canwen Xu and Teven Le Scao and Sylvain Gugger and Mariama Drame and Quentin Lhoest and Alexander M. Rush",
    booktitle = "Proceedings of the 2020 Conference on Empirical Methods in Natural Language Processing: System Demonstrations",
    month = oct,
    year = "2020",
    address = "Online",
    publisher = "Association for Computational Linguistics",
    pages = "38--45"
}

@inproceedings{choi2020fair,
  title={Fair generative modeling via weak supervision},
  author={Choi, Kristy and Grover, Aditya and Singh, Trisha and Shu, Rui and Ermon, Stefano},
  booktitle={International Conference on Machine Learning},
  pages={1887--1898},
  year={2020},
  organization={PMLR}
}

@article{grover2019bias,
  title={Bias correction of learned generative models using likelihood-free importance weighting},
  author={Grover, Aditya and Song, Jiaming and Agarwal, Alekh and Tran, Kenneth and Kapoor, Ashish and Horvitz, Eric and Ermon, Stefano},
  journal={arXiv preprint arXiv:1906.09531},
  year={2019}
}

@article{sheng2019woman,
  title={The woman worked as a babysitter: On biases in language generation},
  author={Sheng, Emily and Chang, Kai-Wei and Natarajan, Premkumar and Peng, Nanyun},
  journal={arXiv preprint arXiv:1909.01326},
  year={2019}
}

@article{kiela2019supervised,
  title={Supervised multimodal bitransformers for classifying images and text},
  author={Kiela, Douwe and Bhooshan, Suvrat and Firooz, Hamed and Perez, Ethan and Testuggine, Davide},
  journal={arXiv preprint arXiv:1909.02950},
  year={2019}
}

@inproceedings{bender2021dangers,
  title={On the dangers of stochastic parrots: Can language models be too big},
  author={Bender, Emily M and Gebru, Timnit and McMillan-Major, Angelina and Shmitchell, Shmargaret},
  booktitle={Proceedings of the 2020 Conference on Fairness, Accountability, and Transparency; Association for Computing Machinery: New York, NY, USA},
  year={2021}
}

@article{frankle2020batchnorm,
  title={Training batchnorm and only batchnorm: On the expressive power of random features in cnns},
  author={Frankle, Jonathan and Schwab, David J and Morcos, Ari S},
  journal={arXiv preprint arXiv:2003.00152},
  year={2020}
}

@article{wu2021lime,
  title={LIME: Learning Inductive Bias for Primitives of Mathematical Reasoning},
  author={Wu, Yuhuai and Rabe, Markus and Li, Wenda and Ba, Jimmy and Grosse, Roger and Szegedy, Christian},
  journal={arXiv preprint arXiv:2101.06223},
  year={2021}
}

@article{paszke2019pytorch,
  title={Pytorch: An imperative style, high-performance deep learning library},
  author={Paszke, Adam and Gross, Sam and Massa, Francisco and Lerer, Adam and Bradbury, James and Chanan, Gregory and Killeen, Trevor and Lin, Zeming and Gimelshein, Natalia and Antiga, Luca and others},
  journal={arXiv preprint arXiv:1912.01703},
  year={2019}
}

@inproceedings{he2016resnet,
  title={Deep residual learning for image recognition},
  author={He, Kaiming and Zhang, Xiangyu and Ren, Shaoqing and Sun, Jian},
  booktitle={Proceedings of the IEEE conference on computer vision and pattern recognition},
  pages={770--778},
  year={2016}
}

@misc{wightman2019timm,
  author = {Ross Wightman},
  title = {PyTorch Image Models},
  year = {2019},
  publisher = {GitHub},
  journal = {GitHub repository},
  doi = {10.5281/zenodo.4414861},
  howpublished = {\url{https://github.com/rwightman/pytorch-image-models}}
}

