% Use this file for citations not found in the ACL Anthology (contained in "anthology.bib").
@InProceedings{YangCCS2018,
  author="Yang, Zhongliang
    and Zhang, Pengyu
    and Jiang, Minyu
    and Huang, Yongfeng
    and Zhang, Yu-Jin",
  editor="Sun, Xingming
    and Pan, Zhaoqing
    and Bertino, Elisa",
  title="{RITS}: Real-Time Interactive Text Steganography Based on Automatic Dialogue Model",
  booktitle="Cloud Computing and Security",
  year="2018",
  publisher="Springer International Publishing",
  address="Cham",
  pages="253--264",
  doi="10.1007/978-3-030-00012-7_24",
  isbn="978-3-030-00012-7"
}
@article{Yang:TIFS2019,
  author={Yang, Zhong-Liang and Guo, Xiao-Qing and Chen, Zi-Ming and Huang, Yong-Feng and Zhang, Yu-Jin},
  journal={IEEE Transactions on Information Forensics and Security}, 
  title={{RNN-Stega}: Linguistic Steganography Based on Recurrent Neural Networks}, 
  year={2019},
  volume={14},
  number={5},
  pages={1280--1295},
  doi={10.1109/TIFS.2018.2871746}
}
@incollection{Yang:DFW2020,
  author={Zhongliang Yang  and Nan Wei  and  Qinghe Liu  and Yongfeng Huang  and  Yujin Zhang},
  booktitle={Digital Forensics and Watermarking}, 
  editor={Hongxia Wang  and Xianfeng Zhao  and  Yunqing Shi  and  Hyoung Joong Kim  and Alessandro Piva},
  title={{GAN-TStega}: Text Steganography Based on Generative Adversarial Networks}, 
  year={2020},
  pages={18--31},
  doi={10.1007/978-3-030-43575-2_2},
  publisher={Springer International Publishing}
}
@article {Kang:EI2020,
  author = "Kang, Huixian and Wu, Hanzhou and Zhang, Xinpeng",
  title = "Generative Text Steganography Based on {LSTM} Network and Attention Mechanism with Keywords",
  journal = "Electronic Imaging",
  parent_itemid = "infobike://ist/ei",
  publishercode ="ist",
  year = "2020",
  volume = "2020",
  number = "4",
  pages = "291-1-291-8",
  issn = "2470-1173",
  eissn = "2470-1173",
  url = "https://www.ingentaconnect.com/content/ist/ei/2020/00002020/00000004/art00021",
  doi = "10.2352/ISSN.2470-1173.2020.4.MWSF-291"
}
@article{Yang:TIFS2021,
  author={Yang, Zhong-Liang and Zhang, Si-Yu and Hu, Yu-Ting and Hu, Zhi-Wen and Huang, Yong-Feng},
  journal={IEEE Transactions on Information Forensics and Security},
  title={{VAE-Stega}: Linguistic Steganography Based on Variational Auto-Encoder},
  year={2021},
  volume={16},
  pages={880--895},
  doi={10.1109/TIFS.2020.3023279}
}
@article{Li:TDS2021,
  author = {Li, Yamin and Zhang, Jun and Yang, Zhongliang and Zhang, Ru},
  title = {Topic-Aware Neural Linguistic Steganography Based on Knowledge Graphs},
  year = {2021},
  issue_date = {May 2021},
  publisher = {Association for Computing Machinery},
  address = {New York, NY, USA},
  volume = {2},
  number = {2},
  issn = {2691-1922},
  url = {https://doi.org/10.1145/3418598},
  doi = {10.1145/3418598},
  journal = {ACM/IMS Transactions on Data Science},
  month = {apr},
  articleno = {10},
  numpages = {13}
}
@ARTICLE{Zhou:TDSC2021,
  author={Zhou, Xuejing and Peng, Wanli and Yang, Boya and Wen, Juan and Xue, Yiming and Zhong, Ping},
  journal={IEEE Transactions on Dependable and Secure Computing}, 
  title={Linguistic Steganography Based on Adaptive Probability Distribution}, 
  year={2021},
  note={(early access article)},
  doi={10.1109/TDSC.2021.3079957}
}
@inproceedings{Vaswani:NIPS2017,
 author = {Vaswani, Ashish and Shazeer, Noam and Parmar, Niki and Uszkoreit, Jakob and Jones, Llion and Gomez, Aidan N and Kaiser, {\L}ukasz and Polosukhin, Illia},
 booktitle = {Advances in Neural Information Processing Systems},
 editor = {I. Guyon and U. V. Luxburg and S. Bengio and H. Wallach and R. Fergus and S. Vishwanathan and R. Garnett},
 pages = {5998--6008},
 publisher = {Curran Associates, Inc.},
 title = {Attention is All you Need},
 url = {https://proceedings.neurips.cc/paper/2017/file/3f5ee243547dee91fbd053c1c4a845aa-Paper.pdf},
 volume = {30},
 year = {2017}
}
@article{Bengio:JMLR2003,
  author = {Bengio, Yoshua and Ducharme, R\'{e}jean and Vincent, Pascal and Janvin, Christian},
  title = {A Neural Probabilistic Language Model},
  year = {2003},
  issue_date = {3/1/2003},
  publisher = {JMLR.org},
  volume = {3},
  issn = {1532-4435},
  journal = {Journal of Machine Learning Research},
  month = {mar},
  pages = {1137-–1155},
  numpages = {19},
  url={https://www.jmlr.org/papers/v3/bengio03a.html}
}
@misc{radford2019language,
  title={Language models are unsupervised multitask learners},
  author={Radford, Alec and Wu, Jeffrey and Child, Rewon and Luan, David and Amodei, Dario and Sutskever, Ilya},
  year={2019}
}
@inproceedings{simmons1984prisoners,
  title={The prisoners’ problem and the subliminal channel},
  author={Simmons, Gustavus J},
  booktitle={Advances in Cryptology},
  pages={51--67},
  year={1984},
  organization={Springer},
  doi={10.1007/978-1-4684-4730-9_5}
}

@article{anderson1998limits,
  title={On the limits of steganography},
  author={Anderson, Ross J and Petitcolas, Fabien AP},
  journal= {IEEE Journal on Selected Areas in Communications},
  volume={16},
  number={4},
  pages={474--481},
  year={1998},
  publisher={IEEE},
  doi={10.1109/49.668971}
}
@techreport{Bennett2004,
    author = {Krista Bennett},
    title = {Linguistic Steganography: Survey, Analysis, and Robustness Concerns for Hiding Information in Text},
    institution = {Center for Education and Research in  Information Assurance and Security, Purdue University},
    year = {2004}
}
@book{fridrich2009steganography,
  title={Steganography in digital media: principles, algorithms, and applications},
  author={Fridrich, Jessica},
  year={2009},
  publisher={Cambridge University Press}
}

@book{Aho:72,
    author  = {Alfred V. Aho and Jeffrey D. Ullman},
    title   = {The Theory of Parsing, Translation and Compiling},
    year    = "1972",
    volume  = "1",
    publisher = {Prentice-Hall},
    address = {Englewood Cliffs, NJ}
}

@book{APA:83,
    author  = {{American Psychological Association}},
    title   = {Publications Manual},
    year    = "1983",
    publisher = {American Psychological Association},
    address = {Washington, DC}
}

@article{Chandra:81,
	author = {Ashok K. Chandra and Dexter C. Kozen and Larry J. Stockmeyer},
	year = "1981",
	title = {Alternation},
	journal = {Journal of the Association for Computing Machinery},
	volume = "28",
	number = "1",
	pages = "114--133",
	doi = "10.1145/322234.322243",
}

@inproceedings{andrew2007scalable,
  title={Scalable training of {L1}-regularized log-linear models},
  author={Andrew, Galen and Gao, Jianfeng},
  booktitle={Proceedings of the 24th International Conference on Machine Learning},
  pages={33--40},
  year={2007},
}

@book{Gusfield:97,
    author  = {Dan Gusfield},
    title   = {Algorithms on Strings, Trees and Sequences},
    year    = "1997",
    publisher = {Cambridge University Press},
    address = {Cambridge, UK}
}

@article{rasooli-tetrault-2015,
    author    = {Mohammad Sadegh Rasooli and Joel R. Tetreault},
    title     = {Yara Parser: {A} Fast and Accurate Dependency Parser},
    journal   = {Computing Research Repository},
    volume    = {arXiv:1503.06733},
    year      = {2015},
    url       = {http://arxiv.org/abs/1503.06733},
    note    = {version 2}
}

@article{Ando2005,
	Acmid = {1194905},
	Author = {Ando, Rie Kubota and Zhang, Tong},
	Issn = {1532-4435},
	Issue_Date = {12/1/2005},
	Journal = {Journal of Machine Learning Research},
	Month = dec,
	Numpages = {37},
	Pages = {1817--1853},
	Publisher = {JMLR.org},
	Title = {A Framework for Learning Predictive Structures from Multiple Tasks and Unlabeled Data},
	Volume = {6},
	Year = {2005}
}

@inproceedings{kingma2015adam,
  title={Adam: A Method for Stochastic Optimization},
  author={Kingma, Diederik P and Ba, Jimmy},
  booktitle={International Conference on Learning Representations (ICLR)},
  year={2015}
}

@misc{Yang:arXiv2202.03795,
  doi = {10.48550/ARXIV.2203.03795},
  url = {https://arxiv.org/abs/2203.03795},
  author = {Yang, Tianyu and Wu, Hanzhou and Yi, Biao and Feng, Guorui and Zhang, Xinpeng},
  title = {Semantic-Preserving Linguistic Steganography by Pivot Translation and Semantic-Aware Bins Coding},
  publisher = {arXiv},
  year = {2022},
  copyright = {arXiv.org perpetual, non-exclusive license}
}

@article{zheng2022autoregressive,
  title={Autoregressive Linguistic Steganography Based on {BERT} and Consistency Coding},
  author={Zheng, Xiaoyan and Wu, Hanzhou},
  journal={Security and Communication Networks},
  volume={2022},
  year={2022},
  doi={10.1155/2022/9092785},
  publisher={Hindawi}
}

@article{Cao:TCSS2022,
  author={Cao, Yi and Zhou, Zhili and Chakraborty, Chinmay and Wang, Meimin and Wu, Q. M. Jonathan and Sun, Xingming and Yu, Keping},
  journal={IEEE Transactions on Computational Social Systems}, 
  title={Generative Steganography Based on Long Readable Text Generation}, 
  year={2022},
  volume={},
  number={},
  pages={1--11},
  doi={10.1109/TCSS.2022.3174013}
}

@ARTICLE{Yi:SPL2022,
  author={Yi, Biao and Wu, Hanzhou and Feng, Guorui and Zhang, Xinpeng},
  journal={IEEE Signal Processing Letters}, 
  title={{ALiSa}: Acrostic Linguistic Steganography Based on {BERT} and {G}ibbs Sampling}, 
  year={2022},
  volume={29},
  number={},
  pages={687--691},
  doi={10.1109/LSP.2022.3152126}
}



