@article{DBLP:journals/corr/cs-CL-0108005,
  author    = {Joshua Goodman},
  title     = {A Bit of Progress in Language Modeling},
  journal   = {CoRR},
  volume    = {cs.CL/0108005v1},
  year      = {2001},
  url       = {http://arxiv.org/abs/cs.CL/0108005v1},
  timestamp = {Wed, 07 Jun 2017 14:40:38 +0200},
  biburl    = {https://dblp.org/rec/bib/journals/corr/cs-CL-0108005},
  bibsource = {dblp computer science bibliography, https://dblp.org}
}

@article{GOODMAN2001403,
title = "A bit of progress in language modeling",
journal = "Computer Speech \& Language",
volume = "15",
number = "4",
pages = "403-434",
year = "2001",
issn = "0885-2308",
doi = "10.1006/csla.2001.0174",
OPTurl = "http://www.sciencedirect.com/science/article/pii/S0885230801901743",
author = "Joshua T. Goodman"
}

@article{DBLP:journals/corr/cs-CL-9905001,
  author    = {Rebecca Hwa},
  title     = {Supervised Grammar Induction Using Training Data with Limited Constituent Information},
  journal   = {CoRR},
  volume    = {cs.CL/9905001},
  note = {Version 1},
  year      = {1999},
  url       = {http://arxiv.org/abs/cs.CL/9905001},
  timestamp = {Wed, 07 Jun 2017 14:41:01 +0200},
  biburl    = {https://dblp.org/rec/bib/journals/corr/cs-CL-9905001},
  bibsource = {dblp computer science bibliography, https://dblp.org}
}

@InProceedings{P99-1010,
  author =  "Hwa, Rebecca",
  title =   "Supervised Grammar Induction using Training Data with Limited Constituent Information",
  booktitle =   "Proceedings of the 37th Annual Meeting of the Association for Computational Linguistics",
  year =    "1999",
  url =     "http://www.aclweb.org/anthology/P99-1010"
}

@book{Jurafsky+Martin:2009a,
  author    = {Jurafsky, Daniel and Martin, James H.},
  title     = {Speech and Language Processing: An Introduction to Natural Language Processing, Computational Linguistics, and Speech Recognition},
  publisher = {Pearson Prentice Hall},
  year      = 2009,
  edition   = {Second}
}

@InProceedings{oliveira2017,
  author = 	"Gon{\c{c}}alo Oliveira, Hugo",
  title = 	"A Survey on Intelligent Poetry Generation: Languages, Features, Techniques, Reutilisation and Evaluation",
  booktitle = 	"Proceedings of the 10th International Conference on Natural Language Generation",
  year = 	"2017",
  publisher = 	"Association for Computational Linguistics",
  pages = 	"11--20",
  location = 	"Santiago de Compostela, Spain",
  doi = 	"10.18653/v1/W17-3502",
  url = 	"http://aclweb.org/anthology/W17-3502"
}

@InProceedings{ghazvininejad2016,
  author = 	"Ghazvininejad, Marjan
		and Shi, Xing
		and Choi, Yejin
		and Knight, Kevin",
  title = 	"Generating Topical Poetry",
  booktitle = 	"Proceedings of the 2016 Conference on Empirical Methods in Natural      Language Processing    ",
  year = 	"2016",
  publisher = 	"Association for Computational Linguistics",
  pages = 	"1183--1191",
  location = 	"Austin, Texas",
  doi = 	"10.18653/v1/D16-1126",
  url = 	"http://aclweb.org/anthology/D16-1126"
}

@InProceedings{ghazvininejad2017,
  author = 	"Ghazvininejad, Marjan
		and Shi, Xing
		and Priyadarshi, Jay
		and Knight, Kevin",
  title = 	"Hafez: an Interactive Poetry Generation System",
  booktitle = 	"Proceedings of ACL 2017, System Demonstrations",
  year = 	"2017",
  publisher = 	"Association for Computational Linguistics",
  pages = 	"43--48",
  location = 	"Vancouver, Canada",
  url = 	"http://aclweb.org/anthology/P17-4008"
}

@InProceedings{lau2018,
  author = 	"Lau, Jey Han
		and Cohn, Trevor
		and Baldwin, Timothy
		and Brooke, Julian
		and Hammond, Adam",
  title = 	"Deep-speare: A joint neural model of poetic language, meter and rhyme",
  booktitle = 	"Proceedings of the 56th Annual Meeting of the Association for Computational Linguistics (Volume 1: Long Papers)",
  year = 	"2018",
  publisher = 	"Association for Computational Linguistics",
  pages = 	"1948--1958",
  location = 	"Melbourne, Australia",
  url = 	"http://aclweb.org/anthology/P18-1181"
}

@inproceedings{malmi2016,
 author = {Malmi, Eric and Takala, Pyry and Toivonen, Hannu and Raiko, Tapani and Gionis, Aristides},
 title = {{DopeLearning}: A Computational Approach to Rap Lyrics Generation},
 booktitle = {Proceedings of the 22nd ACM SIGKDD International Conference on Knowledge Discovery and Data Mining},
 series = {KDD '16},
 year = {2016},
 isbn = {978-1-4503-4232-2},
 location = {San Francisco, California, USA},
 pages = {195--204},
 numpages = {10},
 url = {http://doi.acm.org/10.1145/2939672.2939679},
 doi = {10.1145/2939672.2939679},
 acmid = {2939679},
 publisher = {ACM},
 address = {New York, NY, USA},
 keywords = {deep learning, information retrieval, lyrics generation, natural language processing, rankSVM, rap},
} 

@InProceedings{colton2012,
  author = 	"Colton, Simon
		and Goodwin, Jacob 
		and Veale, Tony",
  title = 	{Full-{FACE} Poetry Generation},
  booktitle = 	"Proceedings of the 3rd International Conference on Computational Creativity",
  year = 	"2012",
  pages = 	"95--102",
  location = 	"Dublin, Ireland",
  url = 	"http://computationalcreativity.net/iccc2012/wp-content/uploads/2012/05/095-Colton.pdf"
}

@InProceedings{hopkins2017,
  author = 	"Hopkins, Jack
		and Kiela, Douwe",
  title = 	"Automatically Generating Rhythmic Verse with Neural Networks",
  booktitle = 	"Proceedings of the 55th Annual Meeting of the Association for      Computational Linguistics (Volume 1: Long Papers)    ",
  year = 	"2017",
  publisher = 	"Association for Computational Linguistics",
  pages = 	"168--178",
  location = 	"Vancouver, Canada",
  doi = 	"10.18653/v1/P17-1016",
  url = 	"http://aclweb.org/anthology/P17-1016"
}

@article{ebden2015,
  title={The {Kestrel} {TTS} text normalization system},
  volume={21},
  DOI={10.1017/S1351324914000175},
  number={3},
  journal={Natural Language Engineering},
  publisher={Cambridge University Press},
  author={Ebden, Peter and Sproat, Richard},
  year={2015},
  pages={333--353},
}

@article{henderson2017,
  author    = {Matthew Henderson and
               Rami Al{-}Rfou and
               Brian Strope and
               Yun{-}Hsuan Sung and
               L{\'{a}}szl{\'{o}} Luk{\'{a}}cs and
               Ruiqi Guo and
               Sanjiv Kumar and
               Balint Miklos and
               Ray Kurzweil},
  title     = {Efficient Natural Language Response Suggestion for Smart Reply},
  journal   = {CoRR},
  volume    = {abs/1705.00652},
  year      = {2017},
  url       = {http://arxiv.org/abs/1705.00652},
  archivePrefix = {arXiv},
}

@inproceedings{mir2019,
  title = "Evaluating Style Transfer for Text",
  author = "Mir, Remi  and
    Felbo, Bjarke  and
    Obradovich, Nick  and
    Rahwan, Iyad",
  booktitle = "Proceedings of the 2019 Conference of the North {A}merican Chapter of the Association for Computational Linguistics: Human Language Technologies, Volume 1 (Long and Short Papers)",
  year = "2019",
  address = "Minneapolis, Minnesota",
  publisher = "Association for Computational Linguistics",
  url = "https://www.aclweb.org/anthology/N19-1049",
  doi = "10.18653/v1/N19-1049",
  pages = "495--504",
}

@incollection{goodfellow2014,
    title = {Generative Adversarial Nets},
    author = {Goodfellow, Ian and Pouget-Abadie, Jean and Mirza, Mehdi and Xu, Bing and Warde-Farley, David and Ozair, Sherjil and Courville, Aaron and Bengio, Yoshua},
    booktitle = {Advances in Neural Information Processing Systems 27},
    editor = {Z. Ghahramani and M. Welling and C. Cortes and N. D. Lawrence and K. Q. Weinberger},
    pages = {2672--2680},
    year = {2014},
    publisher = {Curran Associates, Inc.},
    url = {http://papers.nips.cc/paper/5423-generative-adversarial-nets.pdf}
}

@inproceedings{oliveira2012,
  author = 	"Gon{\c{c}}alo Oliveira, Hugo",
  title = "{PoeTryMe}: A Versatile Platform for Poetry Generation",
  booktitle = "Proceedings of the ECAI 2012 Workshop on Computational Creativity, Concept Invention, and General Intelligence",
  year = "2012",
  url = "https://eden.dei.uc.pt/~hroliv/pubs/GoncaloOliveira2012_c3gi_CRC.pdf"
}

@article{dean2008,
 author = {Dean, Jeffrey and Ghemawat, Sanjay},
 title = {{MapReduce}: Simplified Data Processing on Large Clusters},
 journal = {Communications of the ACM},
 issue_date = {January 2008},
 volume = {51},
 number = {1},
 month = {January},
 year = {2008},
 issn = {0001-0782},
 pages = {107--113},
 numpages = {7},
 url = {http://doi.acm.org/10.1145/1327452.1327492},
 doi = {10.1145/1327452.1327492},
 acmid = {1327492},
 publisher = {ACM},
 address = {New York, NY, USA},
}

@incollection{wu2017,
 title = {Multiscale Quantization for Fast Similarity Search},
 author = {Wu, Xiang and Guo, Ruiqi and Suresh, Ananda Theertha and Kumar, Sanjiv and Holtmann-Rice, Daniel N and Simcha, David and Yu, Felix},
 booktitle = {Advances in Neural Information Processing Systems 30},
 editor = {I. Guyon and U. V. Luxburg and S. Bengio and H. Wallach and R. Fergus and S. Vishwanathan and R. Garnett},
 pages = {5745--5755},
 year = {2017},
 publisher = {Curran Associates, Inc.},
 url = {http://papers.nips.cc/paper/7157-multiscale-quantization-for-fast-similarity-search.pdf}
}

@InProceedings{guo2016,
  title = 	 {Quantization Based Fast Inner Product Search},
  author = 	 {Ruiqi Guo and Sanjiv Kumar and Krzysztof Choromanski and David Simcha},
  booktitle = 	 {Proceedings of the 19th International Conference on Artificial Intelligence and Statistics},
  pages = 	 {482--490},
  year = 	 {2016},
  editor = 	 {Arthur Gretton and Christian C. Robert},
  volume = 	 {51},
  series = 	 {Proceedings of Machine Learning Research},
  address = 	 {Cadiz, Spain},
  month = 	 {09--11 May},
  publisher = 	 {PMLR},
  pdf = 	 {http://proceedings.mlr.press/v51/guo16a.pdf},
  url = 	 {http://proceedings.mlr.press/v51/guo16a.html},
}

@article{lee2017,
  author = {Lee, Jason and Cho, Kyunghyun and Hofmann, Thomas},
  title = {Fully Character-Level Neural Machine Translation without Explicit Segmentation},
  journal = {Transactions of the Association for Computational Linguistics},
  volume = {5},
  number = {},
  pages = {365-378},
  year = {2017},
  doi = {10.1162/tacl\_a\_00067},
}

@inproceedings{yi2018,
    title = "Automatic Poetry Generation with Mutual Reinforcement Learning",
    author = "Yi, Xiaoyuan  and Sun, Maosong  and Li, Ruoyu  and Li, Wenhao",
    booktitle = "Proceedings of the 2018 Conference on Empirical Methods in Natural Language Processing",
    month = oct # "-" # nov,
    year = "2018",
    address = "Brussels, Belgium",
    publisher = "Association for Computational Linguistics",
    url = "https://www.aclweb.org/anthology/D18-1353",
    pages = "3143--3153",
}

@inproceedings{zhang2014,
    title = "{C}hinese Poetry Generation with Recurrent Neural Networks",
    author = "Zhang, Xingxing  and Lapata, Mirella",
    booktitle = "Proceedings of the 2014 Conference on Empirical Methods in Natural Language Processing ({EMNLP})",
    month = oct,
    year = "2014",
    address = "Doha, Qatar",
    publisher = "Association for Computational Linguistics",
    url = "https://www.aclweb.org/anthology/D14-1074",
    doi = "10.3115/v1/D14-1074",
    pages = "670--680",
}

@article{alrfou2016,
  author    = {Rami Al{-}Rfou and
               Marc Pickett and
               Javier Snaider and
               Yun{-}Hsuan Sung and
               Brian Strope and
               Ray Kurzweil},
  title     = {Conversational Contextual Cues: The Case of Personalization and History for Response Ranking},
  journal   = {CoRR},
  volume    = {abs/1606.00372},
  year      = {2016},
  url       = {http://arxiv.org/abs/1606.00372},
  archivePrefix = {arXiv},
  eprint    = {1606.00372},
  timestamp = {Mon, 13 Aug 2018 16:48:38 +0200},
  biburl    = {https://dblp.org/rec/bib/journals/corr/Al-RfouPSSSK16},
  bibsource = {dblp computer science bibliography, https://dblp.org}
}

@inproceedings{zhipeng2019,
  title = "{J}iuge: A Human-Machine Collaborative {C}hinese Classical Poetry Generation System",
  author = "Zhipeng, Guo  and
      Yi, Xiaoyuan  and
      Sun, Maosong  and
      Li, Wenhao  and
      Yang, Cheng  and
      Liang, Jiannan  and
      Chen, Huimin  and
      Zhang, Yuhui  and
      Li, Ruoyu",
  booktitle = "Proceedings of the 57th Annual Meeting of the Association for Computational Linguistics: System Demonstrations",
  year = "2019",
  address = "Florence, Italy",
  publisher = "Association for Computational Linguistics",
  url = "https://www.aclweb.org/anthology/P19-3005",
  pages = "25--30",
}

@article{hirjee2010,
  title={Using automated rhyme detection to characterize rhyming style in rap music},
  author={Hirjee, Hussein and Brown, Daniel},
  year={2010},
  journal={Empirical Musicology Review}
}

@inproceedings{kudo2018,
    title = "{S}entence{P}iece: A simple and language independent subword tokenizer and detokenizer for Neural Text Processing",
    author = "Kudo, Taku and Richardson, John",
    booktitle = "Proceedings of the 2018 Conference on Empirical Methods in Natural Language Processing: System Demonstrations",
    month = Nov,
    year = "2018",
    address = "Brussels, Belgium",
    publisher = "Association for Computational Linguistics",
    url = "https://www.aclweb.org/anthology/D18-2012",
    doi = "10.18653/v1/D18-2012",
    pages = "66--71",
}

@incollection{vaswani2017,
    title = {Attention is All you Need},
    author = {Vaswani, Ashish and Shazeer, Noam and Parmar, Niki and Uszkoreit, Jakob and Jones, Llion and Gomez, Aidan N. and Kaiser, {\L}ukasz and Polosukhin, Illia},
    booktitle = {Advances in Neural Information Processing Systems 30},
    editor = {I. Guyon and U. V. Luxburg and S. Bengio and H. Wallach and R. Fergus and S. Vishwanathan and R. Garnett},
    pages = {5998--6008},
    year = {2017},
    publisher = {Curran Associates, Inc.},
    url = {http://papers.nips.cc/paper/7181-attention-is-all-you-need.pdf}
}

@inproceedings{vandecruys20,
    title = "Automatic Poetry Generation from Prosaic Text",
    author = "{Van de Cruys}, Tim",
    booktitle = "Proceedings of the 58th Annual Meeting of the Association for Computational Linguistics",
    month = jul,
    year = "2020",
    address = "Online",
    publisher = "Association for Computational Linguistics",
    url = "https://www.aclweb.org/anthology/2020.acl-main.223",
    doi = "10.18653/v1/2020.acl-main.223",
    pages = "2471--2480",
}

@article{liao19,
  author    = {Yi Liao and
               Yasheng Wang and
               Qun Liu and
               Xin Jiang},
  title     = {{GPT}-based Generation for Classical Chinese Poetry},
  journal   = {CoRR},
  volume    = {abs/1907.00151},
  year      = {2019},
  url       = {http://arxiv.org/abs/1907.00151},
  archivePrefix = {arXiv},
  eprint    = {1907.00151},
  timestamp = {Mon, 08 Jul 2019 14:12:33 +0200},
  biburl    = {https://dblp.org/rec/journals/corr/abs-1907-00151.bib},
  bibsource = {dblp computer science bibliography, https://dblp.org}
}

@inproceedings{riley20,
    title = "{T}ext{SETTR}: Few-Shot Text Style Extraction and Tunable Targeted Restyling",
    author = "Riley, Parker  and
      Constant, Noah  and
      Guo, Mandy  and
      Kumar, Girish  and
      Uthus, David  and
      Parekh, Zarana",
    booktitle = "Proceedings of the 59th Annual Meeting of the Association for Computational Linguistics and the 11th International Joint Conference on Natural Language Processing (Volume 1: Long Papers)",
    month = aug,
    year = "2021",
    address = "Online",
    publisher = "Association for Computational Linguistics",
    url = "https://aclanthology.org/2021.acl-long.293",
    doi = "10.18653/v1/2021.acl-long.293",
    pages = "3786--3800",
}

@inproceedings{sheng20,
    title = "Investigating Societal Biases in a Poetry Composition System",
    author = "Sheng, Emily  and
      Uthus, David",
    booktitle = "Proceedings of the Second Workshop on Gender Bias in Natural Language Processing",
    month = dec,
    year = "2020",
    address = "Barcelona, Spain (Online)",
    publisher = "Association for Computational Linguistics",
    url = "https://aclanthology.org/2020.gebnlp-1.9",
    pages = "93--106",
}

@inproceedings{oliveira17b,
    title = "Co-{P}oe{T}ry{M}e: a Co-Creative Interface for the Composition of Poetry",
    author = "Gon{\c{c}}alo Oliveira, Hugo  and
      Mendes, Tiago  and
      Boavida, Ana",
    booktitle = "Proceedings of the 10th International Conference on Natural Language Generation",
    month = sep,
    year = "2017",
    address = "Santiago de Compostela, Spain",
    publisher = "Association for Computational Linguistics",
    url = "https://www.aclweb.org/anthology/W17-3508",
    doi = "10.18653/v1/W17-3508",
    pages = "70--71",
}
