% camera ready
@article{guo2008unified,
  title={A unified framework for group independent component analysis for multi-subject fMRI data},
  author={Guo, Ying and Pagnoni, Giuseppe},
  journal={NeuroImage},
  volume={42},
  number={3},
  pages={1078--1093},
  year={2008},
  publisher={Elsevier}
}

@article{shi2016,
  title={Investigating differences in brain functional networks using hierarchical covariate-adjusted independent component analysis},
  author={Shi, Ran and Guo, Ying},
  journal={The annals of applied statistics},
  pages={1930},
  year={2016},
}

@article{wang2019hierarchical,
	title={A hierarchical independent component analysis model for longitudinal neuroimaging studies},
	author={Wang, Yikai and Guo, Ying},
	journal={NeuroImage},
	pages={380--400},
	year={2019}
}

@article{hu2022multimodal,
  title={A Multimodal Multilevel Neuroimaging Model for Investigating Brain Connectome Development},
  author={Hu, Yingtian and Zeydabadinezhad, Mahmoud and Li, Longchuan and Guo, Ying},
  journal={Journal of the American Statistical Association},
  pages={1--15},
  year={2022},
  publisher={Taylor \& Francis}
}
@article{higgins2019difference,
  title={A difference degree test for comparing brain networks},
  author={Higgins, Ixavier A and Kundu, Suprateek and Choi, Ki Sueng and Mayberg, Helen S and Guo, Ying},
  journal={Human brain mapping},
  pages={4518--4536},
  year={2019}
}

@article{kundu2019novel,
  title={A novel joint brain network analysis using longitudinal Alzheimerâ€™s disease data},
  author={Kundu, Suprateek and Lukemire, Joshua and Wang, Yikai and Guo, Ying},
  journal={Scientific reports},
  volume={9},
  number={1},
  pages={1--18},
  year={2019},
  publisher={Nature Publishing Group}
}

@article{dai2017predicting,
  title={Predicting individual brain functional connectivity using a Bayesian hierarchical model},
  author={Dai, Tian and Guo, Ying and Alzheimer's Disease Neuroimaging Initiative and others},
  journal={NeuroImage},
  volume={147},
  pages={772--787},
  year={2017},
  publisher={Elsevier}
}

@article{cui2021positional,
  title={On positional and structural node features for graph neural networks on non-attributed graphs},
  author={Cui, Hejie and Lu, Zijie and Li, Pan and Yang, Carl},
  journal={CIKM},
  year={2022}
}
@inproceedings{cui2022interpretable,
  title={Interpretable Graph Neural Networks for Connectome-Based Brain Disorder Analysis},
  author={Cui, Hejie and Dai, Wei and Zhu, Yanqiao and Li, Xiaoxiao and He, Lifang and Yang, Carl},
  booktitle={MICCAI},
  year={2022}
}
@article{yang2022data,
  title={Data-Efficient Brain Connectome Analysis via Multi-Task Meta-Learning},
  author={Yang, Yi and Zhu, Yanqiao and Cui, Hejie and Kan, Xuan and He, Lifang and Guo, Ying and Yang, Carl},
  journal={KDD},
  year={2022}
}
% rebuttal
@article{ahmedt2021graph,
  title={Graph-based deep learning for medical diagnosis and analysis: past, present and future},
  author={Ahmedt-Aristizabal, David and Armin, Mohammad Ali and Denman, Simon and Fookes, Clinton and Petersson, Lars},
  journal={Sensors},
  volume={21},
  pages={4758},
  year={2021}
}
% Newly added for AAAI
@article{smith2009correspondence,
  title={Correspondence of the brain's functional architecture during activation and rest},
  author={Smith, Stephen M and Fox, Peter T and Miller, Karla L and Glahn, David C and Fox, P Mickle and Mackay, Clare E and Filippini, Nicola and Watkins, Kate E and Toro, Roberto and Laird, Angela R and others},
  journal={PNAS},
  volume={106},
  pages={13040--13045},
  year={2009}
}

@article{ernst2015fmri,
  title={fMRI functional connectivity applied to adolescent neurodevelopment},
  author={Ernst, Monique and Torrisi, Salvatore and Balderston, Nicholas and Grillon, Christian and Hale, Elizabeth A},
  journal={Annual review of clinical psychology},
  volume={11},
  pages={361--377},
  year={2015}
}

@article{kundu2018estimating,
  title={Estimating dynamic brain functional networks using multi-subject fMRI data},
  author={Kundu, Suprateek and Ming, Jin and Pierce, Jordan and McDowell, Jennifer and Guo, Ying},
  journal={NeuroImage},
  volume={183},
  pages={635--649},
  year={2018}
}
@article{higgins2018integrative,
  title={Integrative Bayesian analysis of brain functional networks incorporating anatomical knowledge},
  author={Higgins, Ixavier A and Kundu, Suprateek and Guo, Ying},
  journal={Neuroimage},
  volume={181},
  pages={263--278},
  year={2018}
}
@article{lukemire2021bayesian,
  title={Bayesian joint modeling of multiple brain functional networks},
  author={Lukemire, Joshua and Kundu, Suprateek and Pagnoni, Giuseppe and Guo, Ying},
  journal={Journal of the American Statistical Association},
  volume={116},
  pages={518--530},
  year={2021}
}

@article{fornito2013graph,
  title={Graph analysis of the human connectome: promise, progress, and pitfalls},
  author={Fornito, Alex and Zalesky, Andrew and Breakspear, Michael},
  journal={Neuroimage},
  volume={80},
  pages={426--444},
  year={2013}
}

@article{fornito2015connectomics,
  title={The connectomics of brain disorders},
  author={Fornito, Alex and Zalesky, Andrew and Breakspear, Michael},
  journal={Nature Reviews Neuroscience},
  volume={16},
  pages={159--172},
  year={2015}
}
@article{rudie2013altered,
  title={Altered functional and structural brain network organization in autism},
  author={Rudie, Jeffrey D and Brown, JA and Beck-Pancer, Devi and Hernandez, LM and Dennis, EL and Thompson, PM and Bookheimer, SY and Dapretto, MJNC},
  journal={NeuroImage: clinical},
  volume={2},
  pages={79--94},
  year={2013}
}

@article{rubinov2010complex,
  title={Complex network measures of brain connectivity: uses and interpretations},
  author={Rubinov, Mikail and Sporns, Olaf},
  journal={Neuroimage},
  volume={52},
  pages={1059--1069},
  year={2010}
}


@article{zalesky2010network,
  title={Network-based statistic: identifying differences in brain networks},
  author={Zalesky, Andrew and Fornito, Alex and Bullmore, Edward T},
  journal={Neuroimage},
  volume={53},
  pages={1197--1207},
  year={2010}
}

@article{nichols2002nonparametric,
  title={Nonparametric permutation tests for functional neuroimaging: a primer with examples},
  author={Nichols, Thomas E and Holmes, Andrew P},
  journal={Human brain mapping},
  volume={15},
  pages={1--25},
  year={2002}
}

@InProceedings{fcnet,
author="Riaz, Atif
and Asad, Muhammad
and Al-Arif, S. M. Masudur Rahman
and Alonso, Eduardo
and Dima, Danai
and Corr, Philip
and Slabaugh, Greg",
editor="Wu, Guorong
and Laurienti, Paul
and Bonilha, Leonardo
and Munsell, Brent C.",
title="FCNet: A Convolutional Neural Network for Calculating Functional Connectivity from Functional MRI",
booktitle="Connectomics in NeuroImaging",
year="2017"
}


@article{kim2015testing,
  title={Testing group differences in brain functional connectivity: using correlations or partial correlations?},
  author={Kim, Junghi and Wozniak, Jeffrey R and Mueller, Bryon A and Pan, Wei},
  journal={Brain connectivity},
  volume={5},
  pages={214--231},
  year={2015}
}
@article{chen2015parsimonious,
  title={A parsimonious statistical method to detect groupwise differentially expressed functional connectivity networks},
  author={Chen, Shuo and Kang, Jian and Xing, Yishi and Wang, Guoqing},
  journal={Human brain mapping},
  volume={36},
  pages={5196--5206},
  year={2015}
}

@article{bassett2009human,
  title={Human brain networks in health and disease},
  author={Bassett, Danielle S and Bullmore, Edward T},
  journal={Current opinion in neurology},
  volume={22},
  pages={340},
  year={2009}
}
@article{liu2008disrupted,
  title={Disrupted small-world networks in schizophrenia},
  author={Liu, Yong and Liang, Meng and Zhou, Yuan and He, Yong and Hao, Yihui and Song, Ming and Yu, Chunshui and Liu, Haihong and Liu, Zhening and Jiang, Tianzi},
  journal={Brain},
  volume={131},
  pages={945--961},
  year={2008}
}

@article{craddock2009disease,
  title={Disease state prediction from resting state functional connectivity},
  author={Craddock, R Cameron and Holtzheimer III, Paul E and Hu, Xiaoping P and Mayberg, Helen S},
  journal={Magnetic Resonance in Medicine: An Official Journal of the International Society for Magnetic Resonance in Medicine},
  volume={62},
  pages={1619--1628},
  year={2009}
}

@article{stam2007small,
  title={Small-world networks and functional connectivity in Alzheimer's disease},
  author={Stam, Cornelis J and Jones, BF and Nolte, G and Breakspear, M and Scheltens, Ph},
  journal={Cerebral cortex},
  volume={17},
  pages={92--99},
  year={2007}
}
@article{friston1993functional,
  title={Functional connectivity: the principal-component analysis of large (PET) data sets},
  author={Friston, KJ and Frith, CD and Liddle, PF and Frackowiak, RSJ},
  journal={Journal of Cerebral Blood Flow \& Metabolism},
  volume={13},
  pages={5--14},
  year={1993}
}

@InProceedings{10.1007/978-3-030-58452-8_13,
author="Carion, Nicolas
and Massa, Francisco
and Synnaeve, Gabriel
and Usunier, Nicolas
and Kirillov, Alexander
and Zagoruyko, Sergey",
editor="Vedaldi, Andrea
and Bischof, Horst
and Brox, Thomas
and Frahm, Jan-Michael",
title="End-to-End Object Detection with Transformers",
booktitle="ECCV",
year="2020"
}


@article{mnih2013playing,
  title={Playing atari with deep reinforcement learning},
  author={Mnih, Volodymyr and Kavukcuoglu, Koray and Silver, David and Graves, Alex and Antonoglou, Ioannis and Wierstra, Daan and Riedmiller, Martin},
  journal={arXiv},
  year={2013}
}

@article{akiki2019determining,
  title={Determining the hierarchical architecture of the human brain using subject-level clustering of functional networks},
  author={Akiki, Teddy J and Abdallah, Chadi G},
  journal={Scientific Reports},
  volume={9},
  pages={1--15},
  year={2019}
}

@article{sporns2013structure,
  title={Structure and function of complex brain networks},
  author={Sporns, Olaf},
  journal={Dialogues in clinical neuroscience},
  volume={15},
  pages={247},
  year={2013}
}
@inproceedings{DBLP:conf/cvpr/Shi0LZZN021,
  author    = {Liushuai Shi and
               Le Wang and
               Chengjiang Long and
               Sanping Zhou and
               Mo Zhou and
               Zhenxing Niu and
               Gang Hua},
  title     = {{SGCN:} Sparse Graph Convolution Network for Pedestrian Trajectory
               Prediction},
  booktitle = {{CVPR}},
  year      = {2021}
}
@inproceedings{DBLP:conf/iclr/ChenMX18,
  author    = {Jie Chen and
               Tengfei Ma and
               Cao Xiao},
  title     = {FastGCN: Fast Learning with Graph Convolutional Networks via Importance
               Sampling},
  booktitle = {{ICLR}},
  year      = {2018}
}
@inproceedings{graphsage,
  author    = {William L. Hamilton and
               Zhitao Ying and
               Jure Leskovec},
  title     = {Inductive Representation Learning on Large Graphs},
  booktitle = {{NeurIPS}},
  year      = {2017}
}

@article{li2020braingnn,
  title={BrainGNN: Interpretable Brain Graph Neural Network for fMRI Analysis},
  author={Li, Xiaoxiao and Zhou, Yuan and Gao, Siyuan and Dvornek, Nicha and Zhang, Muhan and Zhuang, Juntang and Gu, Shi and Scheinost, Dustin and Staib, Lawrence and Ventola, Pamela and others},
  journal={Medical Image Analysis},
  year={2021}
}
@inproceedings{DBLP:conf/iclr/VelickovicCCRLB18,
  author    = {Petar Velickovic and
               Guillem Cucurull and
               Arantxa Casanova and
               Adriana Romero and
               Pietro Li{\`{o}} and
               Yoshua Bengio},
  title     = {Graph Attention Networks},
  booktitle = {{ICLR}},
  year      = {2018}
}
@inproceedings{xu_sum,
  author    = {Keyulu Xu and
               Weihua Hu and
               Jure Leskovec and
               Stefanie Jegelka},
  title     = {How Powerful are Graph Neural Networks?},
  booktitle = {{ICLR}},
  year      = {2019}
}
@inproceedings{DBLP:conf/nips/CorsoCBLV20,
  author    = {Gabriele Corso and
               Luca Cavalleri and
               Dominique Beaini and
               Pietro Li{\`{o}} and
               Petar Velickovic},
  title     = {Principal Neighbourhood Aggregation for Graph Nets},
  booktitle = {NeurIPS},
  year      = {2020}
}
@inproceedings{DBLP:conf/miccai/LiDZZVD19,
  author    = {Xiaoxiao Li and
               Nicha C. Dvornek and
               Yuan Zhou and
               Juntang Zhuang and
               Pamela Ventola and
               James S. Duncan},
  title     = {Graph Neural Network for Interpreting Task-fMRI Biomarkers},
  booktitle = {{MICCAI}},
  year      = {2019}
}
@article{DBLP:journals/neuroimage/KtenaPFRLGR18,
  author    = {Sofia Ira Ktena and
               Sarah Parisot and
               Enzo Ferrante and
               Martin Rajchl and
               Matthew C. H. Lee and
               Ben Glocker and
               Daniel Rueckert},
  title     = {Metric learning with spectral graph convolutions on brain connectivity
               networks},
  journal   = {NeuroImage},
  pages     = {431--442},
  year      = {2018}
}
% Hejie added for camera ready
@article{GLASSER2013105,
title = {The minimal preprocessing pipelines for the Human Connectome Project},
journal = {NeuroImage},
volume = {80},
pages = {105-124},
year = {2013},
author = {Matthew F. Glasser and Stamatios N. Sotiropoulos and J. Anthony Wilson and Timothy S. Coalson and Bruce Fischl and Jesper L. Andersson and Junqian Xu and Saad Jbabdi and Matthew Webster and Jonathan R. Polimeni and David C. {Van Essen} and Mark Jenkinson},
}
@article{ABCD,
title = {The Adolescent Brain Cognitive Development (ABCD) study: Imaging acquisition across 21 sites},
journal = {Developmental Cognitive Neuroscience},
volume = {32},
pages = {43-54},
year = {2018},
author = {B.J. Casey and Tariq Cannonier and May I. Conley et al.},
}

@article{yang2020heterogeneous,
  title={Heterogeneous Network Representation Learning: A Unified Framework with Survey and Benchmark},
  author={Yang, Carl and Xiao, Yuxin and Zhang, Yu and Sun, Yizhou and Han, Jiawei},
  journal={TKDE},
  year={2020}
}
@inproceedings{DBLP:conf/nips/YangZSL019,
  author    = {Carl Yang and
               Peiye Zhuang and
               Wenhan Shi and
               Alan Luu and
               Pan Li},
  title     = {Conditional Structure Generation through Graph Variational Generative
               Adversarial Nets},
  booktitle = {NeurIPS},
  year      = {2019}
}
@inproceedings{yang2020taxogan,
	Author = {Yang, Carl and Zhang, Jieyu and Han, Jiawei},
	Booktitle = {ICDM},
	Title = {Co-Embedding Network Nodes and Hierarchical Labels with Taxonomy Based Generative Adversarial Networks},
	Year = {2020}
}
@inproceedings{DBLP:conf/ijcai/XieLYW020,
  author    = {Yiqing Xie and
               Sha Li and
               Carl Yang and
               Raymond Chi{-}Wing Wong and
               Jiawei Han},
  title     = {When Do GNNs Work: Understanding and Improving Neighborhood Aggregation},
  booktitle = {{IJCAI}},
  year      = {2020}
}
@inproceedings{DBLP:conf/ijcai/LuoLPYSY021,
  author    = {Gongxu Luo and
               Jianxin Li and
               Hao Peng and
               Carl Yang and
               Lichao Sun and
               Philip S. Yu and
               Lifang He},
  title     = {Graph Entropy Guided Node Embedding Dimension Selection for Graph
               Neural Networks},
  booktitle = {{IJCAI}},
  year      = {2021}
}
@article{simpson2013analyzing,
  title={Analyzing complex functional brain networks: fusing statistics and network science to understand the brain},
  author={Simpson, Sean L and Bowman, F DuBois and Laurienti, Paul J},
  journal={Statistics Surveys},
  volume={7},
  pages={1},
  year={2013}
}

@ARTICLE{10.3389/fnhum.2016.00680,
AUTHOR={Tuovinen, Timo and Rytty, Riikka and Moilanen, Virpi and Abou Elseoud, Ahmed and Veijola, Juha and Remes, Anne M. and Kiviniemi, Vesa J.},   
TITLE={The Effect of Gray Matter ICA and Coefficient of Variation Mapping of BOLD Data on the Detection of Functional Connectivity Changes in Alzheimerâ€™s Disease and bvFTD},      
JOURNAL={Frontiers in Human Neuroscience},      
VOLUME={10},      
PAGES={680},     
YEAR={2017},      
}


@article{lindquist2008statistical,
  title={The statistical analysis of fMRI data},
  author={Lindquist, Martin A},
  journal={Statistical science},
  volume={23},
  pages={439--464},
  year={2008},
}

@incollection{GANIS2002493,
title = {Neuroimaging},
booktitle = {Encyclopedia of the Human Brain},
pages = {493-505},
year = {2002},
author = {Giorgio Ganis and Stephen M. Kosslyn}
}

@article{smith2012future,
  title={The future of FMRI connectivity},
  author={Smith, Stephen M},
  journal={Neuroimage},
  volume={62},
  pages={1257--1266},
  year={2012}
}
@article{power264, 
year = {2011}, 
title = {{Functional Network Organization of the Human Brain}}, 
author = {Power, JonathanÂ D and Cohen, AlexanderÂ L and Nelson, StevenÂ M and Wig, GaganÂ S and Barnes, KellyÂ Anne and Church, JessicaÂ A and Vogel, AleciaÂ C and Laumann, TimothyÂ O and Miezin, FranÂ M and Schlaggar, BradleyÂ L and Petersen, StevenÂ E}, 
journal = {Neuron}, 
pages = {665--678}, 
volume = {72}
}

@article{1d-cnn, 
year = {2019}, 
title = {{1-D Convolutional Neural Networks for Signal Processing Applications}}, 
author = {Kiranyaz, Serkan and Ince, Turker and Abdeljaber, Osama and Avci, Onur and Gabbouj, Moncef}, 
journal = {ICASSP}, 
pages = {8360--8364}, 
volume = {00}
}

@article{gru,
  author    = {Junyoung Chung and
               {\c{C}}aglar G{\"{u}}l{\c{c}}ehre and
               KyungHyun Cho and
               Yoshua Bengio},
  title     = {Empirical Evaluation of Gated Recurrent Neural Networks on Sequence
               Modeling},
  journal   = {CoRR},
  volume    = {abs/1412.3555},
  year      = {2014},
}

@article{test_article,
author = {Benavoli, Alessio and Corani, Giorgio and Dem\v{s}ar, Janez and Zaffalon, Marco},
title = {Time for a Change: A Tutorial for Comparing Multiple Classifiers through Bayesian Analysis},
year = {2017},
volume = {18},

journal = {JMLR},
pages = {2653â€“2688},
}

@inproceedings{linkprediction,
 author = {Zhang, Muhan and Chen, Yixin},
 booktitle = {NeurIPS},
 title = {Link Prediction Based on Graph Neural Networks},
 year = {2018}
}

@article{Thomas2002NoiseRI,
  title={Noise Reduction in BOLD-Based fMRI Using Component Analysis},
  author={C. G. Thomas and R. Harshman and R. Menon},
  journal={NeuroImage},
  year={2002},
  volume={17},
  pages={1521-1537}
}

@article{BrainNetCNN, 
year = {2017}, 
title = {{BrainNetCNN: Convolutional neural networks for brain networks; towards predicting neurodevelopment}}, 
author = {Kawahara, Jeremy and Brown, Colin J. and Miller, Steven P. and Booth, Brian G. and Chau, Vann and Grunau, Ruth E. and Zwicker, Jill G. and Hamarneh, Ghassan}, 
journal = {NeuroImage}, 
pages = {1038--1049}, 
volume = {146}, 
}

@article{modellingfmri, 
year = {2011}, 
title = {{Network modelling methods for FMRI}}, 
author = {Smith, Stephen M. and Miller, Karla L. and Salimi-Khorshidi, Gholamreza and Webster, Matthew and Beckmann, Christian F. and Nichols, Thomas E. and Ramsey, Joseph D. and Woolrich, Mark W.}, 
journal = {NeuroImage}, 
volume = {54}
}

@article{hierarchicalyin, 
year = {2019}, 
title = {{A hierarchical independent component analysis model for longitudinal neuroimaging studies}}, 
author = {Wang, Yikai and Guo, Ying}, 
journal = {NeuroImage}, 
pages = {380--400}, 
volume = {189}
}
@article{concepts, 
year = {2011}, 
title = {{Emerging concepts for the dynamical organization of resting-state activity in the brain}}, 
author = {Deco, Gustavo and Jirsa, Viktor K. and McIntosh, Anthony R.}, 
journal = {Nature Reviews Neuroscience}, 
pages = {43--56}, 
volume = {12}
}
@article{brainnetworks, 
year = {2009}, 
title = {{Complex brain networks: graph theoretical analysis of structural and functional systems}}, 
author = {Bullmore, Ed and Sporns, Olaf}, 
journal = {Nature Reviews Neuroscience}, 
pages = {186--198}, 
volume = {10}
}

@article{predictsASD, 
year = {2016}, 
title = {{A small number of abnormal brain connections predicts adult autism spectrum disorder}}, 
author = {Yahata, Noriaki and Morimoto, Jun and Hashimoto, Ryuichiro and Lisi, Giuseppe and Shibata, Kazuhisa and Kawakubo, Yuki and Kuwabara, Hitoshi and Kuroda, Miho and Yamada, Takashi and Megumi, Fukuda and Imamizu, Hiroshi and Sr, JosÃ© E. NÃ¡Ã±ez and Takahashi, Hidehiko and Okamoto, Yasumasa and Kasai, Kiyoto and Kato, Nobumasa and Sasaki, Yuka and Watanabe, Takeo and Kawato, Mitsuo}, 
journal = {Nature Communications}, 
pages = {11254}, 
volume = {7}
}

@inproceedings{groupinn2019,
  author    = {Yujun Yan and
               Jiong Zhu and 
               Marlena Duda and 
               Eric Solarz and
               Chandra Sripada and
               Danai Koutra},
  title     = {GroupINN: Grouping-based Interpretable Neural Network-based Classification of Limited, Noisy Brain Data},
  booktitle = {KDD},
  year      = {2019},
  }

@inproceedings{
shang2021discrete,
title={Discrete Graph Structure Learning for Forecasting Multiple Time Series},
author={Chao Shang and Jie Chen and Jinbo Bi},
booktitle={ICLR},
year={2021}
}

@article{Anirudh2019BootstrappingGC2019,
  title={Bootstrapping Graph Convolutional Neural Networks for Autism Spectrum Disorder Classification},
  author={Rushil Anirudh and Jayaraman J. Thiagarajan},
  journal={ICASSP},
  year={2019},
  pages={3197-3201}
}


@InProceedings{Learninggraph2019, title = {Learning Discrete Structures for Graph Neural Networks}, author = {Franceschi, Luca and Niepert, Mathias and Pontil, Massimiliano and He, Xiao}, booktitle = {ICML}, year = {2019}}


@inproceedings{huanghen2019,
  title={New graph-blind convolutional network for brain connectome data analysis},
  author={Zhang, Yanfu and Huang, Heng},
  booktitle={International Conference on Information Processing in Medical Imaging},
  pages={669--681},
  year={2019}
}


@article{gur2016sex,
  title={Sex differences in brain and behavior in adolescence: Findings from the Philadelphia Neurodevelopmental Cohort},
  author={Gur, Raquel E and Gur, Ruben C},
  journal={Neuroscience \& Biobehavioral Reviews},
  volume={70},
  pages={159--170},
  year={2016}
}

@article{pnc, 
year = {2014}, 
title = {{Neuroimaging of the Philadelphia Neurodevelopmental Cohort}}, 
author = {Satterthwaite, Theodore D. and Elliott, Mark A. and Ruparel, Kosha and Loughead, James and Prabhakaran, Karthik and Calkins, Monica E. and Hopson, Ryan and Jackson, Chad and Keefe, Jack and Riley, Marisa and Mentch, Frank D. and Sleiman, Patrick and Verma, Ragini and Davatzikos, Christos and Hakonarson, Hakon and Gur, Ruben C. and Gur, Raquel E.}, 
journal = {NeuroImage}, 
pages = {544--553}, 
volume = {86}, 
}

@article{structure-gender, 
year = {2016}, 
title = {{Establishing a link between sex-related differences in the structural connectome and behaviour}}, 
author = {TunÃ§, Birkan and Solmaz, Berkan and Parker, Drew and Satterthwaite, Theodore D. and Elliott, Mark A. and Calkins, Monica E. and Ruparel, Kosha and Gur, Raquel E. and Gur, Ruben C. and Verma, Ragini}, 
journal = {Philosophical Transactions of the Royal Society B: Biological Sciences}, 
pages = {20150111}, 
volume = {371}
}

@article{wangfilter, 
year = {2016}, 
title = {{An Efficient and Reliable Statistical Method for Estimating Functional Connectivity in Large Scale Brain Networks Using Partial Correlation}}, 
author = {Wang, Yikai and Kang, Jian and Kemmer, Phebe B. and Guo, Ying}, 
journal = {Frontiers in Neuroscience}, 
pages = {123}, 
volume = {10}
}

@article{genderfunction, 
year = {2015}, 
title = {{Linked Sex Differences in Cognition and Functional Connectivity in Youth}}, 
author = {Satterthwaite, Theodore D. and Wolf, Daniel H. and Roalf, David R. and Ruparel, Kosha and Erus, Guray and Vandekar, Simon and Gennatas, Efstathios D. and Elliott, Mark A. and Smith, Alex and Hakonarson, Hakon and Verma, Ragini and Davatzikos, Christos and Gur, Raquel E. and Gur, Ruben C.}, 
journal = {Cerebral Cortex}, 
pages = {2383--2394}, 
volume = {25}
}
@article{grouploss, 
year = {2020}, 
title = {{Group-Group Loss-Based Global-Regional Feature Learning for Vehicle Re-Identification}}, 
author = {Liu, Xiaobin and Zhang, Shiliang and Wang, Xiaoyu and Hong, Richang and Tian, Qi}, 
journal = {IEEE Transactions on Image Processing}, 
pages = {2638--2652}, 
volume = {29}, 
}


@article{insel2015brain,
  title={Brain disorders? Precisely},
  author={Insel, Thomas R and Cuthbert, Bruce N},
  journal={Science},
  volume={348},
  pages={499--500},
  year={2015}
}

@article{williams2016precision,
  title={Precision psychiatry: a neural circuit taxonomy for depression and anxiety},
  author={Williams, Leanne M},
  journal={The Lancet Psychiatry},
  volume={3},
  pages={472--480},
  year={2016},
}

@article{Zhang:2018wo,
author = {Zhang, Xi and He, Lifang and Chen, Kun and Luo, Yuan and Zhou, Jiayu and Wang, Fei},
title = {{Multi-View Graph Convolutional Network and Its Applications on Neuroimage Analysis for Parkinson's Disease}},
journal = {AMIA Annu. Symp. Proc.},
year = {2018},
volume = {2018},
pages = {1147--1156},
}

@inproceedings{Sun:2017hl,
author = {Sun, Lichao and Wang, Yuqi and Cao, Bokai and Yu, Philip S. and Srisa-an, Witawas and Leow, Alex D.},
title = {{Sequential Keystroke Behavioral Biometrics for Mobile User Identification via Multi-view Deep Learning}},
booktitle = {ECML-PKDD},
year = {2017}
}

@inproceedings{Ma:2017cp,
author = {Ma, Guixiang and He, Lifang and Lu, Chun-Ta and Shao, Weixiang and Yu, Philip S. and Leow, Alex D. and Ragin, Ann B.},
title = {{Multi-view Clustering with Graph Embedding for Connectome Analysis}},
booktitle = {CIKM},
year = {2017}
}

@inproceedings{nodeprediction,
author = {Kipf, Thomas N. and Welling, Max},
title = {{Semi-Supervised Classification with Graph Convolutional Networks}},
booktitle = {ICLR},
year = {2017}
}


@article{Cai:2018te,
author = {Cai, Chen and Wang, Yusu},
title = {{A Simple Yet Effective Baseline for Non-Attributed Graph Classification}},
journal = {arXiv},
year = {2018}
}

@inproceedings{Grover:2016ex,
author = {Grover, Aditya and Leskovec, Jure},
title = {{node2vec: Scalable Feature Learning for Networks}},
booktitle = {KDD},
year = {2016}
}

@inproceedings{He:2016ib,
author = {He, Kaiming and Zhang, Xiangyu and Ren, Shaoqing and Sun, Jian},
title = {{Deep Residual Learning for Image Recognition}},
booktitle = {CVPR},
year = {2016},
}

@inproceedings{Qiu:2018ez,
author = {Qiu, Jiezhong and Dong, Yuxiao and Ma, Hao and Li, Jian and Wang, Kuansan and Tang, Jie},
title = {{Network Embedding as Matrix Factorization: Unifying DeepWalk, LINE, PTE, and node2vec}},
booktitle = {WSDM},
year = {2018}
}

@inproceedings{Hu:2020vh,
author = {Hu, Ziniu and Dong, Yuxiao and Wang, Kuansan and Chang, Kai-Wei and Sun, Yizhou},
title = {{GPT-GNN: Generative Pre-Training of Graph Neural Networks}},
booktitle = {KDD},
year = {2020}
}

@inproceedings{Hu:2020uz,
author = {Hu, Weihua and Liu, Bowen and Gomes, Joseph and Zitnik, Marinka and Liang, Percy and Pande, Vijay and Leskovec, Jure},
title = {{Strategies for Pre-training Graph Neural Networks}},
booktitle = {ICLR},
year = {2020}
}

@article{Su:2020ha,
author = {Su, Chang and Xu, Zhenxing and Pathak, Jyotishman and Wang, Fei},
title = {{Deep Learning in Mental Health Outcome Research: A Scoping Review}},
journal = {Transl. Psychiatry},
year = {2020},
volume = {10}
}

@article{Zimmermann:2018jl,
author = {Zimmermann, Joelle and Griffiths, John D. and McIntosh, Anthony R.},
title = {{Unique Mapping of Structural and Functional Connectivity on Cognition}},
journal = {J. Neurosci.},
year = {2018},
volume = {38},
pages = {9658--9667}
}

@inproceedings{Zhu:2021gx,
author = {Zhu, Yanqiao and Xu, Yichen and Yu, Feng and Liu, Qiang and Wu, Shu and Wang, Liang},
title = {{Graph Contrastive Learning with Adaptive Augmentation}},
booktitle = {WWW},
year = {2021}
}

@inproceedings{Zhu:2020vf,
author = {Zhu, Yanqiao and Xu, Yichen and Yu, Feng and Liu, Qiang and Wu, Shu and Wang, Liang},
title = {{Deep Graph Contrastive Representation Learning}},
booktitle = {GRL+@ICML},
year = {2020}
}

@inproceedings{Hassani:2020un,
author = {Hassani, Kaveh and Khasahmadi, Amir Hosein},
title = {{Contrastive Multi-View Representation Learning on Graphs}},
booktitle = {ICML},
year = {2020}
}

@inproceedings{infomax,
author = {Veli{\v c}kovi{\'c}, Petar and Fedus, William and Hamilton, William L. and Li{\`o}, Pietro and Bengio, Yoshua and Hjelm, R. Devon},
title = {{Deep Graph Infomax}},
booktitle = {ICLR},
year = {2019}
}

@inproceedings{Hjelm:2019uk,
title = {{Learning Deep Representations by Mutual Information Estimation and Maximization}},
author = {Hjelm, R. Devon and Fedorov, Alex and Lavoie-Marchildon, Samuel and Grewal, Karan and Bachman, Philip and Trischler, Adam and Bengio, Yoshua},
year = 2019,
booktitle = {ICLR}
}

@inproceedings{Liu:2018ty,
author = {Liu, Ye and He, Lifang and Cao, Bokai and Yu, Philip S. and Ragin, Ann B. and Leow, Alex D.},
title = {{Multi-View Multi-Graph Embedding for Brain Network Clustering Analysis}},
booktitle = {AAAI},
year = {2018}
}

@inproceedings{Shao:2015ek,
author = {Shao, Weixiang and He, Lifang and Yu, Philip S.},
title = {{Clustering on Multi-source Incomplete Data via Tensor Modeling and Factorization}},
booktitle = {PAKDD},
year = {2015}
}

@article{Lu:2008cw,
author = {Lu, Haiping and Plataniotis, Konstantinos N. and Venetsanopoulos, Anastasios N.},
title = {{MPCA: Multilinear Principal Component Analysis of Tensor Objects}},
journal = {TNN},
year = {2008},
volume = {19},
pages = {18--39}
}

@inproceedings{Ying:2018vl,
author = {Ying, Rex and You, Jiaxuan and Morris, Christopher and Ren, Xiang and Hamilton, William L. and Leskovec, Jure},
title = {{Hierarchical Graph Representation Learning with Differentiable Pooling}},
booktitle = {NeurIPS},
year = {2018}
}

@inproceedings{Gupta:2013tp,
author = {Gupta, Ashish and Ayhan, Murat and Maida, Anthony},
title = {{Natural Image Bases to Represent Neuroimaging Data}},
booktitle = {ICML},
year = {2013}
}

@article{Dyrba:2015ci,
author = {Dyrba, Martin and Grothe, Michel and Kirste, Thomas and Teipel, Stefan J.},
title = {{Multimodal Analysis of Functional and Structural Disconnection in Alzheimer's Disease Using Multiple Kernel SVM}},
journal = {Hum. Brain Mapp.},
year = {2015},
volume = {36},
pages = {2118--2131}
}

@inproceedings{Ma:2017gl,
author = {Ma, Guixiang and Lu, Chun-Ta and He, Lifang and Yu, Philip S. and Ragin, Ann B.},
title = {{Multi-view Graph Embedding with Hub Detection for Brain Network Analysis}},
booktitle = {ICDM},
year = {2017}
}

@inproceedings{zhang2019new,
  title={New graph-blind convolutional network for brain connectome data analysis},
  author={Zhang, Yanfu and Huang, Heng},
  booktitle={IPMI},
  year={2019}
}


@inproceedings{
san,
title={Rethinking Graph Transformers with Spectral Attention},
author={Devin Kreuzer and Dominique Beaini and William L. Hamilton and Vincent L{\'e}tourneau and Prudencio Tossou},
booktitle={Advances in Neural Information Processing Systems},
editor={A. Beygelzimer and Y. Dauphin and P. Liang and J. Wortman Vaughan},
year={2021},
}

@inproceedings{
kan2022fbnetgen,
title={{FBNETGEN}: Task-aware {GNN}-based f{MRI} Analysis via Functional Brain Network Generation},
author={Xuan Kan and Hejie Cui and Joshua Lukemire and Ying Guo and Carl Yang},
booktitle={Medical Imaging with Deep Learning},
year={2022},
}

@misc{braingb,
  author = {Cui, Hejie and Dai, Wei and Zhu, Yanqiao and Kan, Xuan and Gu, Antonio Aodong Chen and Lukemire, Joshua and Zhan, Liang and He, Lifang and Guo, Ying and Yang, Carl},
  title = {BrainGB: A Benchmark for Brain Network Analysis with Graph Neural Networks},
  journal = {arXiv},
  year = {2022}
}

@inproceedings{
graphormer,
title={Do Transformers Really Perform Badly for Graph Representation?},
author={Chengxuan Ying and Tianle Cai and Shengjie Luo and Shuxin Zheng and Guolin Ke and Di He and Yanming Shen and Tie-Yan Liu},
booktitle={NeurIPS},
year={2021},
}

@article{graphtransformer_aaai,
  title={A Generalization of Transformer Networks to Graphs},
  author={Dwivedi, Vijay Prakash and Bresson, Xavier},
  journal={AAAI Workshop on Deep Learning on Graphs: Methods and Applications},
  year={2021}
}

@misc{jiananzhao,
  
  author = {Zhao, Jianan and Li, Chaozhuo and Wen, Qianlong and Wang, Yiqi and Liu, Yuming and Sun, Hao and Xie, Xing and Ye, Yanfang},
  
  title = {Gophormer: Ego-Graph Transformer for Node Classification},
  
  journal = {arXiv},
  
  year = {2021},
  
}

@inbook{haitao,
author = {Mao, Haitao and Chen, Xu and Fu, Qiang and Du, Lun and Han, Shi and Zhang, Dongmei},
title = {Neuron Campaign for Initialization Guided by Information Bottleneck Theory},
year = {2021},
booktitle = {CIKM},
}


@article{Saxe2014ExactST,
  title={Exact solutions to the nonlinear dynamics of learning in deep linear neural networks},
  author={Andrew M. Saxe and James L. McClelland and Surya Ganguli},
  booktitle={ICLR},
  year={2014}
}

@inproceedings{glorot2010understanding,
  title={Understanding the difficulty of training deep feedforward neural networks},
  author={Glorot, Xavier and Bengio, Yoshua},
  booktitle={AISTATS},
  year={2010}
}

@article{abide,
  title={The Neuro Bureau Preprocessing Initiative: open sharing of preprocessed neuroimaging data and derivatives},
  author={Craddock Cameron and Benhajali Yassine and Chu Carlton and Chouinard Francois and E. Aykan Alan and Jakab Andr{\'a}s and Khundrakpam Budhachandra and Lewis John and Liub Qingyang and Milham Michael and Yan Chaogan and Bellec Pierre},
  journal={Frontiers in Neuroinformatics},
  year={2013}
}

@inproceedings{hu2020open,
  title={Open graph benchmark: Datasets for machine learning on graphs},
  author={Hu, Weihua and Fey, Matthias and Zitnik, Marinka and Dong, Yuxiao and Ren, Hongyu and Liu, Bowen and Catasta, Michele and Leskovec, Jure},
  booktitle={NeurIPS},
  year={2020}
}

@inproceedings{NIPS2017_3f5ee243,
 author = {Vaswani, Ashish and Shazeer, Noam and Parmar, Niki and Uszkoreit, Jakob and Jones, Llion and Gomez, Aidan N and Kaiser, \L ukasz and Polosukhin, Illia},
 booktitle = {NeurIPS},
 editor = {I. Guyon and U. Von Luxburg and S. Bengio and H. Wallach and R. Fergus and S. Vishwanathan and R. Garnett},
 title = {Attention is All you Need},
 year = {2017}
}

@inproceedings{chu2021Twins,
	title={Twins: Revisiting the Design of Spatial Attention in Vision Transformers},
	author={Xiangxiang Chu and Zhi Tian and Yuqing Wang and Bo Zhang and Haibing Ren and Xiaolin Wei and Huaxia Xia and Chunhua Shen},
	booktitle={NeurIPS},
	year={2021}
}

@article{hcp,
  title={The Human Connectome Project: a data acquisition perspective},
  author={Van Essen, David C and Ugurbil, Kamil and Auerbach, Edward and Barch, Deanna and Behrens, Timothy EJ and Bucholz, Richard and Chang, Acer and Chen, Liyong and Corbetta, Maurizio and Curtiss, Sandra W and others},
  journal={Neuroimage},
  pages={2222--2231},
  year={2012},
}

@INPROCEEDINGS{unq_readout,
  author={Navarin, NicolÃ² and Tran, Dinh Van and Sperduti, Alessandro},
  booktitle={2019 International Joint Conference on Neural Networks (IJCNN)}, 
  title={Universal Readout for Graph Convolutional Neural Networks}, 
  year={2019}
}
  
  
  @inproceedings{zhang2018end,
  title={An end-to-end deep learning architecture for graph classification},
  author={Zhang, Muhan and Cui, Zhicheng and Neumann, Marion and Chen, Yixin},
  booktitle={AAAI},
  year={2018}
}

@article{liangzhao,
  author    = {Mingxuan Ju and
               Shifu Hou and
               Yujie Fan and
               Jianan Zhao and
               Liang Zhao and
               Yanfang Ye},
  title     = {Adaptive Kernel Graph Neural Network},
  journal   = {AAAI},
  year      = {2022},
}

@inproceedings{xie2016unsupervised,
  title={Unsupervised deep embedding for clustering analysis},
  author={Xie, Junyuan and Girshick, Ross and Farhadi, Ali},
  booktitle={ICML},
  year={2016}
}

@inproceedings{NEURIPS2021_22785dd2,
 author = {Kim, Byung-Hoon and Ye, Jong Chul and Kim, Jae-Jin},
 editor = {M. Ranzato and A. Beygelzimer and Y. Dauphin and P.S. Liang and J. Wortman Vaughan},
 booktitle = {NeurIPS},
 title = {Learning Dynamic Graph Representation of Brain Connectome with Spatio-Temporal Attention},
 year = {2021}
}

@inproceedings{
dosovitskiy2021an,
title={An Image is Worth 16x16 Words: Transformers for Image Recognition at Scale},
author={Alexey Dosovitskiy and Lucas Beyer and Alexander Kolesnikov and Dirk Weissenborn and Xiaohua Zhai and Thomas Unterthiner and Mostafa Dehghani and Matthias Minderer and Georg Heigold and Sylvain Gelly and Jakob Uszkoreit and Neil Houlsby},
booktitle={ICLR},
year={2021},
}

@inproceedings{DBLP:conf/acl/DaiYYCLS19,
  author    = {Zihang Dai and
               Zhilin Yang and
               Yiming Yang and
               Jaime G. Carbonell and
               Quoc Viet Le and
               Ruslan Salakhutdinov},

  title     = {Transformer-XL: Attentive Language Models beyond a Fixed-Length Context},
  booktitle = {ACL},
  year      = {2019},

}

@article{hussain2021edge,
  title={Edge-augmented Graph Transformers: Global Self-attention is Enough for Graphs},
  author={Hussain, Md Shamim and Zaki, Mohammed J and Subramanian, Dharmashankar},
  journal={arXiv},
  year={2021}
}

@misc{https://doi.org/10.48550/arxiv.2201.12787,
  author = {Park, Wonpyo and Chang, Woonggi and Lee, Donggeon and Kim, Juntae and Hwang, Seung-won},
  title = {GRPE: Relative Positional Encoding for Graph Transformer},
  
  journal = {arXiv},
  
  year = {2022},
}

@inproceedings{
dwivedi2022graph,
title={Graph Neural Networks with Learnable Structural and Positional Representations},
author={Vijay Prakash Dwivedi and Anh Tuan Luu and Thomas Laurent and Yoshua Bengio and Xavier Bresson},
booktitle={ICLR},
year={2022}
}

@article{functionalmodule,
	title = {Cognitive Neuropsychology twenty years on.},
	journal = {Cognitive Neuropsychology},
	author = {Alfonso Caramazza and Max Coltheart},
	year = {2006}
}

@inproceedings{NEURIPS2021_8462a7c2,
 author = {Zhang, Muhan and Li, Pan},
 booktitle = {NeurIPS},
 title = {Nested Graph Neural Networks},
 year = {2021}
}

@article{kanehisa2000kegg,
  title={KEGG: kyoto encyclopedia of genes and genomes},
  author={Kanehisa, Minoru and Goto, Susumu},
  journal={Nucleic Acids Research},
  volume={28},
  pages={27--30},
  year={2000}
}

@article{10.1093/nar/gkaa913,
    author = {Mistry, Jaina and Chuguransky, Sara and Williams, Lowri and Qureshi, Matloob and Salazar, GustavoÂ A and Sonnhammer, Erik L L and Tosatto, Silvio C E and Paladin, Lisanna and Raj, Shriya and Richardson, Lorna J and Finn, Robert D and Bateman, Alex},
    title = "{Pfam: The protein families database in 2021}",
    journal = {Nucleic Acids Research},
    volume = {49},
    pages = {D412-D419},
    year = {2020},
}

@ARTICLE{10.3389/fnhum.2021.721206,
  
AUTHOR={Babaeeghazvini, Parinaz and Rueda-Delgado, Laura M. and Gooijers, Jolien and Swinnen, Stephan P. and Daffertshofer, Andreas},   
	 
TITLE={Brain Structural and Functional Connectivity: A Review of Combined Works of Diffusion Magnetic Resonance Imaging and Electro-Encephalography},      
	
JOURNAL={Frontiers in Human Neuroscience},      
	
VOLUME={15},      
	
YEAR={2021},      }



%---------------Statistics---------------------------------------------------------

@article{Kutner1985,
	title = {Applied {Linear} {Regression} {Models}.},
	journal = {Biometrics},
	author = {Marriott, F. H. C. and Neter, J. and Wasserman, W. and Kutner, M. H.},
	year = {1985},
}

@book{Seber1989,
	title = {Nonlinear {Regression}: {Seber}/{Nonlinear} {Regression}},
	author = {, G. A. F. and Wild, C. J.},
	year = {1989},
}

@book{DeGroot2012,
	edition = {4th ed},
	title = {Probability and Statistics},
	author = {DeGroot, Morris H. and Schervish, Mark J.},
	year = {2012},
}

@article{GeneralPurpose1995,
 title = {A {General} {Purpose} {Approximate} {Goodness}-of-{Fit} {Test}},
 volume = {27},
 journal = {Journal of Quality Technology},
 author = {Chen, Gemai and Balakrishnan, N.},
 year = {1995},
 pages = {154--161},
}

@article{Common1997,
 title = {An {R}-squared measure of goodness of fit for some common nonlinear regression models},
 volume = {77},
 journal = {Journal of Econometrics},
 author = {Colin Cameron, A. and Windmeijer, Frank A.G.},
 year = {1997},
 pages = {329--342},
}

@inproceedings{hu2020heterogeneous,
  title={Heterogeneous graph transformer},
  author={Hu, Ziniu and Dong, Yuxiao and Wang, Kuansan and Sun, Yizhou},
  booktitle={WWW},
  pages={2704--2710},
  year={2020}
}

@article{craddock2012whole,
  title={A whole brain fMRI atlas generated via spatially constrained spectral clustering},
  author={Craddock, R Cameron and James, G Andrew and Holtzheimer III, Paul E and Hu, Xiaoping P and Mayberg, Helen S},
  journal={Human Brain Mapping},
  volume={33},
  pages={1914--1928},
  year={2012}
}


@inproceedings{Fey/Lenssen/2019,
  title={Fast Graph Representation Learning with {PyTorch Geometric}},
  author={Fey, Matthias and Lenssen, Jan E.},
  booktitle={ICLR Workshop on Representation Learning on Graphs and Manifolds},
  year={2019},
}



@Article{a14030075,
AUTHOR = {Mahmood, Usman and Fu, Zening and Calhoun, Vince D. and Plis, Sergey},
TITLE = {A Deep Learning Model for Data-Driven Discovery of Functional Connectivity},
JOURNAL = {Algorithms},
VOLUME = {14},
YEAR = {2021},
}


@ARTICLE{9763421,
  author={Kazi, Anees and Cosmo, Luca and Ahmadi, Seyed-Ahmad and Navab, Nassir and Bronstein, Michael},
  journal={IEEE Transactions on Pattern Analysis and Machine Intelligence}, 
  title={Differentiable Graph Module (DGM) for Graph Convolutional Networks}, 
  year={2022},
  pages={1-1},
}


@article{tu2022maxvit,
  title={MaxViT: Multi-Axis Vision Transformer},
  author={Tu, Zhengzhong and Talebi, Hossein and Zhang, Han and Yang, Feng and Milanfar, Peyman and Bovik, Alan and Li, Yinxiao},
  journal={ECCV},
  year={2022},
}

@ARTICLE{9361263,
  author={Gui, Shupeng and Zhang, Xiangliang and Zhong, Pan and Qiu, Shuang and Wu, Mingrui and Ye, Jieping and Wang, Zhengdao and Liu, Ji},
  journal={IEEE Transactions on Pattern Analysis and Machine Intelligence}, 
  title={PINE: Universal Deep Embedding for Graph Nodes via Partial Permutation Invariant Set Functions}, 
  year={2022},
  volume={44},
  pages={770-782}
 }
 
 
 @inproceedings{zhu2022joint,
  title={Joint embedding of structural and functional brain networks with graph neural networks for mental illness diagnosis},
  author={Zhu, Yanqiao and Cui, Hejie and He, Lifang and Sun, Lichao and Yang, Carl},
  booktitle={2022 44th Annual International Conference of the IEEE Engineering in Medicine \& Biology Society (EMBC)},
  pages={272--276},
  year={2022}
}